2728 4618
233 203 320 294 ,ιφ
635 211 908 280 sensnumou

235 472 239 482 ,
291 415 305 480 ,·
319 376 552 482 §totietatem
579 375 761 470 temtos,
788 371 941 478 putetis
963 371 1110 464 duobus
1131 373 1231 462 sttts
1257 373 1312 448 ad

235 502 406 596 mtrem
421 501 564 582 alarum
579 511 617 574 et
631 495 797 598 mergite
811 519 950 599 supero
964 493 1056 586 tolli
1071 494 1169 583 elbo,
1198 491 1311 580 misit

241 621 353 698 Dohl
368 618 436 694 sub
453 617 605 692 nomine
620 617 730 693 John.
750 614 1029 717 rufipedotoris
1043 614 1224 712 Ziegtert.

317 737 427 816 Iolm.
444 741 625 839 pulsator
637 736 812 825 Ponzeri,
826 763 939 837 quem
954 735 999 809 ad
1013 733 1179 836 speeiem
1195 757 1311 834 prae·

239 857 440 946 cedentem
459 855 629 948 laudavi,
656 853 784 932 forsan
806 855 920 944 etium
940 843 1001 929 su
1013 852 1111 930 hene
1131 851 1309 927 adhiberi

234 987 380 1080 potest.

550 1510 602 1572 12.
645 1495 674 1566 Ῑ.
696 1497 928 1566 AETHIOPS.
970 1521 1005 1567 n.

439 1681 635 1749 Femoribus
646 1683 742 1768 rufis,
767 1695 984 1751 antennarum
1002 1683 1126 1751 annulo
1146 1681 1233 1750 albo.
1256 1706 1306 1752 m.

314 1927 484 2004 Statura
516 1940 555 2003 et
586 1927 786 2032 proportio
826 1931 993 2031 portium
1030 1929 1305 2008 Ichneumonis

236 2051 446 2146 nigritorii.

311 2167 534 2266 Longitudo
548 2167 718 2246 4-fere
734 2175 757 2245 6
772 2167 969 2245 linearum.
998 2170 1202 2246 Antennoe
1214 2191 1305 2241 cor-

235 2311 330 2388 pore
342 2287 552 2377 breviores,
580 2287 796 2390 porrectae,
825 2289 932 2390 apice
944 2305 1130 2378 curvatae,
1159 2287 1303 2362 articu-

235 2407 283 2481 lis
302 2413 463 2484 12-17
484 2407 547 2482 vel
567 2407 742 2490 omnibus
760 2408 822 2484 vel
843 2431 975 2483 eorum
995 2407 1170 2510 plurimis
1184 2433 1302 2508 supra

235 2540 274 2601 et
288 2525 470 2602 lateribus
485 2525 592 2601 albis.
646 2529 751 2605 Aloe
761 2525 936 2630 hyalinae
950 2543 1015 2602 eut
1028 2525 1300 2630 inmoto-hyn·

233 2643 353 2734 linne3
382 2645 571 2747 stigmate,
599 2629 722 2737 radio,
750 2647 877 2723 radice
900 2662 939 2724 et
958 2649 1153 2750 squamula
1179 2647 1299 2724 fuscis

233 2779 299 2838 aut
326 2765 460 2866 nigris,
489 2763 662 2864 stigmate
688 2764 878 2842 interdum
906 2767 1140 2869 ferruginem
1168 2769 1297 2844 areola

232 2882 569 2986 quinqueanguluri
597 2886 992 2989 aut'subtrianguluri.
1053 2889 1175 2968 Pedes
1203 2891 1295 2970 ruiis

231 3004 335 3078 coxis
350 3018 389 3078 et
401 3003 723 3096 trochanteribus,
751 3035 820 3084 nee
835 3033 910 3082 non
924 3007 1157 3111 posticorum
1172 3009 1293 3098 tarsis,

229 3123 455 3226 plerumque
485 3123 598 3199 etiam
625 3127 805 3202 tibiarum
833 3127 956 3230 apice,
992 3129 1111 3203 rarius
1140 3154 1295 3231 quoque

229 3244 415 3320 femorum
455 3243 660 3344 geniculis,
709 3245 842 3347 nigris;
892 3247 1083 3325 interdum
1130 3247 1294 3322 articulo

227 3365 352 3467 primo
373 3381 559 3439 tonsorum
577 3365 811 3468 posticorum
835 3365 915 3440 basi
937 3367 1035 3446 rufo.
1089 3365 1294 3445 Attamen

227 3483 354 3586 eapite
392 3482 624 3590 thoree'eque
663 3486 779 3588 paulo
818 3483 970 3588 longius
1004 3501 1044 3564 et
1074 3487 1190 3589 paulo
1224 3512 1294 3560 nn-

226 3604 391 3705 gastius,
420 3607 622 3714 segmentis
646 3607 760 3694 2-5
778 3606 991 3708 aequitatis,

304 3722 497 3818 Quosdam
522 3749 641 3810 mures
668 3723 752 3830 cepi
776 3751 904 3803 mense
924 3723 1016 3810 Julii
1037 3723 1077 3816 in
1098 3721 1289 3802 fruticetis

223 3863 344 3944 prope
359 3843 403 3920 V
400 3845 666 3931 sotularium
678 3843 773 3920 elios
788 3843 917 3952 accepi
932 3869 953 3920 e
968 3844 1148 3936 Lutatio,
1160 3847 1200 3922 F
1198 3873 1289 3923 ron-

224 3948 357 4050 conio,
381 3962 575 4059 Bovario,
601 3965 737 4045 Italia.
