2788 4624
243 175 320 252 ωε
593 227 596 238 .
641 184 908 244 raurauuou

413 379 416 386 .
536 441 608 512 sos.
650 433 677 502 1.
702 415 1011 511 susurramus,

444 604 579 678 assuta
601 614 834 684 antennarum,
861 616 987 695 puncto
1010 601 1096 672 infla
1119 600 1203 684 alas,
1226 625 1316 694 seg·-

442 719 621 794 mentoque
637 718 740 789 serta,
766 704 865 786 albius
886 706 1065 796 segmentis
1085 719 1106 780 2
1124 718 1157 772 et
1171 718 1194 784 3
1210 705 1311 788 rufis,

445 805 510 874 hoc
548 807 619 882 basi
658 807 767 890 nigra3
810 807 900 876 tibiis
932 807 1178 901 femoribusque
1212 809 1311 894 rufis,

444 909 583 1000 posticis
606 910 698 1000 apice
721 910 830 1000 nigro.
873 907 898 975 f.
1169 904 1171 912 ⁴

318 1081 489 1163 Statura
517 1097 558 1163 et
582 1082 780 1186 proportio
813 1082 978 1186 partium
1000 1081 1165 1164 feminae
1193 1081 1307 1161 Icus.

242 1209 466 1282 eoeteusorr'i.
567 1284 571 1292 ,
678 1277 683 1291 ,

321 1321 544 1426 longitudo
559 1323 713 1418 4-57,
732 1322 930 1400 linearum.
969 1327 1099 1428 Caput
1114 1321 1307 1400 interdum

243 1441 379 1520 orbitis
403 1445 602 1522 oculorum
628 1442 855 1522 frontalibus
883 1443 1057 1524 obsolute
1083 1442 1304 1520 rubricosis.

242 1567 447 1646 Antennae
458 1563 621 1640 articulo
638 1571 657 1642 1
674 1563 800 1665 nigro,
827 1566 948 1642 rarius
969 1563 1087 1655 fusco,
1114 1560 1307 1640 rarissime

244 1683 375 1760 subtus
390 1682 624 1786 ferruginem
650 1693 676 1762 2
691 1683 799 1785 nigro
817 1698 883 1760 ant
902 1683 1137 1787 ferruginem
1163 1682 1306 1758 articu-

242 1802 293 1878 lis
308 1811 511 1883 s--t-t
527 1804 589 1880 vel
604 1801 697 1878 totis
717 1803 940 1907 ferrugineis
956 1806 1018 1882 rel
1040 1827 1150 1906 supra
1173 1801 1303 1892 fuscis,

242 1921 433 1998 rarissime
445 1922 537 1998 totis
552 1922 685 2025 nigris3
714 1933 865 2014 8-16‚
892 1925 954 2002 vel
970 1923 1145 2028 plurimis
1159 1947 1299 2013 eorum,

242 2043 438 2132 flauoalbis
464 2042 595 2120 subtus
622 2043 916 2135 rufssreutibus,
945 2045 1064 2122 rarius
1082 2043 1175 2120 totis
1195 2043 1303 2120 elbo·

242 2163 345 2240 rufis.
399 2161 567 2240 Thorax
587 2179 731 2265 puncto
752 2164 840 2240 albo
867 2163 962 2240 iufra
990 2163 1085 2254 slas,
1111 2163 1301 2240 rarissime

243 2281 455 2360 deficiente.
496 2283 711 2364 Serranum
733 2284 872 2361 album.
915 2286 1015 2364 Alae
1034 2283 1301 2360 [umato-sila·

242 2401 522 2504 ceo-hyalinaet
550 2403 723 2504 stigmate
737 2403 994 2480 dilutecroceo
1007 2403 1180 2494 sutruso,
1195 2403 1300 2480 radio

244 2535 284 2598 et
296 2521 421 2596 radice
436 2523 526 2596 rufis
541 2537 604 2597 aut
625 2522 866 2624 ferrugineis,
895 2524 1089 2626 squamula
1111 2522 1216 2598 fusca
1236 2537 1299 2598 aut

243 2639 359 2742 nigra,
386 2640 504 2716 rarius
526 2639 749 2743 ferruginea.
804 2641 926 2720 Pedes
940 2644 1022 2733 rufi,
1051 2643 1154 2718 coxis
1169 2658 1208 2718 et
1222 2659 1300 2719 tro-

243 2758 484 2835 chsuteribus
498 2759 632 2862 nigriss
657 2761 797 2864 postici
820 2763 929 2865 apice
942 2761 1126 2838 semorum
1139 2777 1179 2837 et
1191 2761 1302 2838 tibia·

242 2906 328 2955 rum
342 2879 460 2980 nigro.
514 2879 716 2959 Abdomen
732 2881 933 2983 segmentis
948 2891 974 2961 2
988 2897 1027 2958 et
1041 2893 1065 2963 8
1082 2883 1182 2972 rufis,
1206 2882 1301 2958 inci·

244 3019 329 3073 sure
350 3013 414 3072 aut
433 2997 511 3074 basi
530 3001 635 3075 tertii
652 3003 771 3102 nigra,
799 2999 988 3077 rarissime
1001 3002 1102 3078 lines
1115 3019 1300 3082 transver-

244 3117 315 3195 sali
336 3117 441 3220 nigra
461 3133 548 3196 aute
569 3119 773 3222 marginem
793 3121 915 3210 tertii;
944 3129 969 3199 6
988 3147 1100 3226 supra
1123 3123 1223 3200 albu.

321 3239 480 3340 Copiam
489 3240 731 3340 seminarum
757 3239 871 3343 hujus
891 3242 1032 3346 speciei
1051 3271 1072 3319 e
1093 3241 1223 3318 multis
1243 3267 1301 3319 re-

243 3357 417 3459 gionibus
445 3357 679 3438 Germaniae
704 3361 1103 3453 (sullimannum,
1131 3389 1199 3440 nec
1225 3389 1298 3439 nou

242 3503 264 3552 e
284 3480 436 3554 Tauria
459 3481 606 3558 Feuuia
633 3497 672 3558 et
698 3484 844 3582 Angliu
870 3482 988 3582 (circa
1010 3485 1154 3587 Netley
1171 3485 1297 3586 capta)

243 3596 391 3701 eecepi3
419 3597 502 3700 ipse
513 3600 642 3702 plures
655 3601 839 3704 prehendi
852 3602 893 3678 in
909 3602 1135 3694 umbellatis,
1162 3602 1298 3706 passim

241 3715 282 3790 in
306 3717 448 3794 silesia
476 3735 515 3796 et
540 3720 640 3796 cirea
670 3720 921 3822 Gottingum,
945 3738 1117 3827 tempore
1143 3723 1297 3800 aestivo.

241 3835 483 3914 Indiuiduum
512 3838 705 3918 ferricum
737 3843 891 3920 unicum
923 3858 1005 3922 erat
1030 3857 1175 3950 puueto
1204 3840 1296 3922 iufra

240 3955 319 4034 alas
345 3957 465 4038 nuno.
