2804 4606
456 1344 944 1465 Laetoria

163 1597 279 1708 Cum
303 1647 401 1710 ante.
414 1633 548 1736 viginti
570 1636 739 1739 quinque
757 1663 873 1714 annos
892 1633 1078 1716 intimiori
1099 1630 1225 1708 studio

161 1767 504 1846 Iebneumonidum
527 1799 588 1847 me
608 1746 734 1852 dicare
754 1775 995 1877 incepissem,
1029 1794 1117 1848 mox
1135 1784 1225 1870 cog-¹

159 1907 379 1997 noscebam,
407 1907 447 1982 in
467 1907 537 1983 hae
560 1909 795 1986 pinnatorum
813 1909 957 1986 familia
975 1912 1117 1986 ‘multas
1140 1914 1223 1983 eeae'

140 2043 311 2144 ,species
333 2044 454 2120 adhue
473 2045 740 2148 indescriptasa
773 2027 1000 2149 simulatque
1019 2041 1224 2122 consilinm·

18 2187 35 2220 '
161 2205 353 2282 ceperam,
381 2179 607 2284 hanapecies
627 2181 779 2272 edendi,
806 2187 1044 2286 propositum
1058 2181 1171 2256 etiarn
1184 2179 1226 2253 in'

161 2341 227 2394 me
240 2320 470 2410 nascebatur,
485 2320 793 2423 monogmphinm
806 2319 1103 2398 ichneumonum
1116 2339 1226 2394 euro-

162 2477 345 2554 paeorum
361 2458 633 2548 conscribendi,
661 2483 737 2562 quo
751 2457 987 2562 opuseulum,
1014 2469 1130 2560 prout
1141 2451 1225 2530 fieri
1349 2497 1356 2506 ·

160 2607 293 2691 posset
307 2592 527 2685 contentius,
547 2595 587 2669 in
601 2595 726 2671 lucem
740 2596 921 2697 prodiret.
950 2595 1032 2669 Hoc
1044 2593 1086 2666 in
1099 2591 1228 2666 animo'

161 2726 470 2819 volvens,‹enno
501 2739 601 2809 1806
630 2733 892 2834 entomologoa
918 2730 1142 2819 invitabam,
1182 2743 1226 2804 ut

161 2880 340 2966 noeptum
352 2881 477 2943 meum
492 2867 670 2970 adjurare
690 2868 736 2950 at‘
748 2867 1059 2944 ichneumonidea
1075 2891 1225 2942 auarum

161 2999 357 3102 regionum
374 3029 522 3079 mecum
536 2991 814 3086 communiente
827 3005 983 3081 vellent.
1040 3005 1121 3082 Jam
1132 3015 1226 3076 tune

159 3135 288 3238 plnres
308 3141 553 3245 antomologi,
580 3141 810 3220 liberalitate
829 3153 869 3218 et
883 3140 992 3244 eopia
1012 3138 1225 3242 specierum

161 3276 453 3368 commissarum,
482 3279 612 3380 quelee
626 3279 691 3354 vix
711 3293 931 3383 exspectare
952 3277 1139 3366 andenam,
1166 3273 1227 3351 in·

17 3505 35 3526 .
161 3407 334 3486 vitationi
348 3412 408 3489 illi
422 3413 715 3516 respondebant,
742 3415 795 3492 ite
817 3430 860 3490 ut
872 3437 960 3488 mox
982 3411 1229 3490 fundamenta·

161 3547 455 3650 monograpbiae
468 3575 609 3653 ponere
630 3577 792 3656 possem,
820 3535 986 3651 in'eujua
1007 3561 1114 3652 parte
1134 3547 1225 3626 lite·

161 3680 257 3756 naria
271 3681 504 3763 bibliotheca
525 3688 710 3766 ditissima
728 3684 986 3764 universitatis
1008 3683 1230 3787 gottingen-¹

161 3816 227 3906 sia,
256 3817 320 3892 nbi
342 3847 388 3899 eo
409 3837 580 3927 tempore
600 3819 1230 3925 docebam,'subsidia'plenissima'

157 3951 254 4034 mibi
268 3957 545 4082 suppeditabat,
573 3964 677 4074 quod
697 3961 993 4072 semper-animo
1011 3955 1230 4068 gratissime
