<?xml version="1.0" encoding="UTF-8"?>
<!DOCTYPE html PUBLIC "-//W3C//DTD XHTML 1.0 Transitional//EN"
    "http://www.w3.org/TR/xhtml1/DTD/xhtml1-transitional.dtd">
<html xmlns="http://www.w3.org/1999/xhtml" xml:lang="en" lang="en">
 <head>
  <title>
</title>
<meta http-equiv="Content-Type" content="text/html;charset=utf-8" />
  <meta name='ocr-system' content='tesseract 3.04.00' />
  <meta name='ocr-capabilities' content='ocr_page ocr_carea ocr_par ocr_line ocrx_word'/>
</head>
<body>
  <div class='ocr_page' id='page_1' title='image "./ichneumonologia03gravgoog_0398.png"; bbox 0 0 2788 4624; ppageno 0'>
   <div class='ocr_carea' id='block_1_1' title="bbox 468 235 1189 316">
    <p class='ocr_par' dir='ltr' id='par_1_1' title="bbox 468 235 1189 316">
     <span class='ocr_line' id='line_1_1' title="bbox 468 235 1189 316; baseline 0.012 -17"><span class='ocrx_word' id='word_1_1' title='bbox 468 251 569 302; x_wconf 75' lang='lat' dir='ltr'><strong>snos.</strong></span> <span class='ocrx_word' id='word_1_2' title='bbox 598 237 630 316; x_wconf 89' lang='lat' dir='ltr'><strong>I,</strong></span> <span class='ocrx_word' id='word_1_3' title='bbox 658 251 774 304; x_wconf 76' lang='lat' dir='ltr'><strong>secr.</strong></span> <span class='ocrx_word' id='word_1_4' title='bbox 805 253 851 304; x_wconf 84' lang='lat' dir='ltr'><strong>vr.</strong></span> <span class='ocrx_word' id='word_1_5' title='bbox 1114 235 1189 308; x_wconf 79' lang='grc'><strong>889</strong></span> 
     </span>
    </p>
   </div>
   <div class='ocr_carea' id='block_1_2' title="bbox 204 407 1186 656">
    <p class='ocr_par' dir='ltr' id='par_1_2' title="bbox 204 407 1186 656">
     <span class='ocr_line' id='line_1_2' title="bbox 266 407 617 492; baseline -0.006 0"><span class='ocrx_word' id='word_1_6' title='bbox 266 407 271 419; x_wconf 63' lang='grc'><strong>’</strong></span> <span class='ocrx_word' id='word_1_7' title='bbox 382 415 519 492; x_wconf 79' lang='lat' dir='ltr'><strong>Nota:</strong></span> <span class='ocrx_word' id='word_1_8' title='bbox 613 427 617 434; x_wconf 87' lang='lat'>&#39;</span> 
     </span>
     <span class='ocr_line' id='line_1_3' title="bbox 204 549 1186 656; baseline 0 -28"><span class='ocrx_word' id='word_1_9' title='bbox 204 553 348 628; x_wconf 84' lang='lat' dir='ltr'><strong>Forsan</strong></span> <span class='ocrx_word' id='word_1_10' title='bbox 361 553 408 628; x_wconf 85' lang='lat' dir='ltr'><strong>ad</strong></span> <span class='ocrx_word' id='word_1_11' title='bbox 420 551 516 628; x_wconf 89' lang='lat' dir='ltr'><strong>hanc</strong></span> <span class='ocrx_word' id='word_1_12' title='bbox 536 551 702 653; x_wconf 85' lang='lat' dir='ltr'><strong>speciem</strong></span> <span class='ocrx_word' id='word_1_13' title='bbox 722 549 893 628; x_wconf 79' lang='lat' dir='ltr'>adhiberi</span> <span class='ocrx_word' id='word_1_14' title='bbox 908 567 1064 656; x_wconf 82' lang='lat' dir='ltr'>possent</span> <span class='ocrx_word' id='word_1_15' title='bbox 1076 552 1186 631; x_wconf 76' lang='lat' dir='ltr'><strong>lehn.</strong></span> 
     </span>
    </p>
   </div>
   <div class='ocr_carea' id='block_1_3' title="bbox 127 672 1279 896">
    <p class='ocr_par' dir='ltr' id='par_1_3' title="bbox 127 672 1279 896">
     <span class='ocr_line' id='line_1_4' title="bbox 127 672 1279 775; baseline 0.003 -23"><span class='ocrx_word' id='word_1_16' title='bbox 127 679 387 775; x_wconf 77' lang='lat' dir='ltr'><strong>crispatorius</strong></span> <span class='ocrx_word' id='word_1_17' title='bbox 400 673 509 750; x_wconf 87' lang='lat' dir='ltr'><strong>Linn.</strong></span> <span class='ocrx_word' id='word_1_18' title='bbox 520 687 592 748; x_wconf 89' lang='lat' dir='ltr'><strong>etc.</strong></span> <span class='ocrx_word' id='word_1_19' title='bbox 607 689 672 749; x_wconf 86' lang='lat' dir='ltr'><strong>aut</strong></span> <span class='ocrx_word' id='word_1_20' title='bbox 683 672 790 750; x_wconf 73' lang='lat' dir='ltr'><strong>lehn.</strong></span> <span class='ocrx_word' id='word_1_21' title='bbox 800 675 1028 750; x_wconf 81' lang='lat' dir='ltr'><strong>tricoloreus</strong></span> <span class='ocrx_word' id='word_1_22' title='bbox 1041 672 1187 756; x_wconf 70' lang='lat' dir='ltr'><strong>Corios</strong></span> <span class='ocrx_word' id='word_1_23' title='bbox 1276 715 1279 720; x_wconf 95' lang='lat'>·</span> 
     </span>
     <span class='ocr_line' id='line_1_5' title="bbox 127 792 1188 896; baseline 0 -27"><span class='ocrx_word' id='word_1_24' title='bbox 127 794 197 869; x_wconf 87' lang='lat' dir='ltr'><strong>sed</strong></span> <span class='ocrx_word' id='word_1_25' title='bbox 221 793 288 870; x_wconf 91' lang='lat' dir='ltr'><strong>ille</strong></span> <span class='ocrx_word' id='word_1_26' title='bbox 308 794 498 894; x_wconf 80' lang='lat' dir='ltr'><strong>discrepat</strong></span> <span class='ocrx_word' id='word_1_27' title='bbox 522 792 732 868; x_wconf 74' lang='lat' dir='ltr'>abdominis</span> <span class='ocrx_word' id='word_1_28' title='bbox 753 793 861 896; x_wconf 83' lang='lat' dir='ltr'>apice</span> <span class='ocrx_word' id='word_1_29' title='bbox 882 793 1188 870; x_wconf 81' lang='lat' dir='ltr'><strong>subfuscescente</strong></span> 
     </span>
    </p>
   </div>
   <div class='ocr_carea' id='block_1_4' title="bbox 127 909 997 1016">
    <p class='ocr_par' dir='ltr' id='par_1_4' title="bbox 127 909 997 1016">
     <span class='ocr_line' id='line_1_6' title="bbox 127 909 997 1016; baseline -0.002 -26"><span class='ocrx_word' id='word_1_30' title='bbox 127 928 195 990; x_wconf 90' lang='lat' dir='ltr'><strong>aut</strong></span> <span class='ocrx_word' id='word_1_31' title='bbox 217 914 342 1016; x_wconf 82' lang='lat' dir='ltr'><strong>nigro,</strong></span> <span class='ocrx_word' id='word_1_32' title='bbox 368 913 434 991; x_wconf 89' lang='lat' dir='ltr'><strong>hic</strong></span> <span class='ocrx_word' id='word_1_33' title='bbox 452 911 609 990; x_wconf 82' lang='lat' dir='ltr'><strong>thorace</strong></span> <span class='ocrx_word' id='word_1_34' title='bbox 627 909 714 989; x_wconf 72' lang='lat' dir='ltr'><strong>rufo</strong></span> <span class='ocrx_word' id='word_1_35' title='bbox 733 913 859 990; x_wconf 89' lang='lat' dir='ltr'><strong>medio</strong></span> <span class='ocrx_word' id='word_1_36' title='bbox 879 913 997 1016; x_wconf 82' lang='lat' dir='ltr'><strong>nigro.</strong></span> 
     </span>
    </p>
   </div>
   <div class='ocr_carea' id='block_1_5' title="bbox 441 1277 884 1365">
    <p class='ocr_par' dir='ltr' id='par_1_5' title="bbox 441 1277 884 1365">
     <span class='ocr_line' id='line_1_7' title="bbox 441 1277 884 1365; baseline -0.025 -2"><span class='ocrx_word' id='word_1_37' title='bbox 441 1277 513 1365; x_wconf 75' lang='grc' dir='ltr'><strong>149.Ι</strong></span> <span class='ocrx_word' id='word_1_38' title='bbox 556 1293 583 1354; x_wconf 90' lang='grc' dir='ltr'><strong>Ῑ.</strong></span> <span class='ocrx_word' id='word_1_39' title='bbox 608 1287 884 1357; x_wconf 86' lang='lat' dir='ltr'><strong>OCCISORIUS.</strong></span> 
     </span>
    </p>
   </div>
   <div class='ocr_carea' id='block_1_6' title="bbox 290 1459 1189 1766">
    <p class='ocr_par' dir='ltr' id='par_1_6' title="bbox 290 1459 1189 1766">
     <span class='ocr_line' id='line_1_8' title="bbox 331 1459 1187 1548; baseline 0.001 -21"><span class='ocrx_word' id='word_1_40' title='bbox 331 1459 429 1528; x_wconf 78' lang='lat' dir='ltr'><strong>Facie</strong></span> <span class='ocrx_word' id='word_1_41' title='bbox 450 1459 541 1526; x_wconf 90' lang='lat' dir='ltr'><strong>tibiis</strong></span> <span class='ocrx_word' id='word_1_42' title='bbox 564 1461 725 1548; x_wconf 79' lang='lat' dir='ltr'><strong>tersisque</strong></span> <span class='ocrx_word' id='word_1_43' title='bbox 741 1459 851 1542; x_wconf 76' lang='lat' dir='ltr'><strong>ssavis3</strong></span> <span class='ocrx_word' id='word_1_44' title='bbox 875 1472 1043 1542; x_wconf 81' lang='lat' dir='ltr'><strong>segmento</strong></span> <span class='ocrx_word' id='word_1_45' title='bbox 1060 1471 1082 1532; x_wconf 79' lang='lat'>2</span> <span class='ocrx_word' id='word_1_46' title='bbox 1101 1461 1187 1528; x_wconf 78' lang='lat' dir='ltr'><strong>flavo</strong></span> 
     </span>
     <span class='ocr_line' id='line_1_9' title="bbox 290 1560 1189 1650; baseline -0.001 -21"><span class='ocrx_word' id='word_1_47' title='bbox 290 1614 292 1622; x_wconf 83' lang='lat'>.</span> <span class='ocrx_word' id='word_1_48' title='bbox 331 1560 459 1630; x_wconf 85' lang='lat' dir='ltr'><strong>macula</strong></span> <span class='ocrx_word' id='word_1_49' title='bbox 480 1563 591 1646; x_wconf 79' lang='lat' dir='ltr'><strong>nigra,</strong></span> <span class='ocrx_word' id='word_1_50' title='bbox 612 1573 722 1636; x_wconf 74' lang='lat' dir='ltr'><strong>stoto</strong></span> <span class='ocrx_word' id='word_1_51' title='bbox 740 1561 842 1645; x_wconf 73' lang='lat' dir='ltr'><strong>ssavo,</strong></span> <span class='ocrx_word' id='word_1_52' title='bbox 865 1562 1076 1650; x_wconf 82' lang='lat' dir='ltr'><strong>sequentibus</strong></span> <span class='ocrx_word' id='word_1_53' title='bbox 1098 1585 1189 1632; x_wconf 84' lang='lat' dir='ltr'><strong>mar·</strong></span> 
     </span>
     <span class='ocr_line' id='line_1_10' title="bbox 331 1663 1128 1766; baseline 0.003 -36"><span class='ocrx_word' id='word_1_54' title='bbox 331 1666 409 1752; x_wconf 84' lang='lat' dir='ltr'>gine</span> <span class='ocrx_word' id='word_1_55' title='bbox 430 1663 527 1734; x_wconf 76' lang='lat' dir='ltr'><strong>ssavo.</strong></span> <span class='ocrx_word' id='word_1_56' title='bbox 569 1686 614 1766; x_wconf 71' lang='lat' dir='ltr'><strong>ns.</strong></span> <span class='ocrx_word' id='word_1_57' title='bbox 1124 1688 1128 1698; x_wconf 77' lang='grc'>’</span> 
     </span>
    </p>
   </div>
   <div class='ocr_carea' id='block_1_7' title="bbox 125 1869 1218 4135">
    <p class='ocr_par' dir='ltr' id='par_1_7' title="bbox 128 1869 1186 2094">
     <span class='ocr_line' id='line_1_11' title="bbox 205 1869 1186 1975; baseline -0.001 -27"><span class='ocrx_word' id='word_1_58' title='bbox 205 1870 375 1948; x_wconf 80' lang='lat' dir='ltr'><strong>Statura</strong></span> <span class='ocrx_word' id='word_1_59' title='bbox 395 1883 435 1950; x_wconf 85' lang='lat' dir='ltr'><strong>et</strong></span> <span class='ocrx_word' id='word_1_60' title='bbox 454 1870 654 1975; x_wconf 82' lang='lat' dir='ltr'>proportio</span> <span class='ocrx_word' id='word_1_61' title='bbox 673 1869 837 1973; x_wconf 88' lang='lat' dir='ltr'><strong>partium</strong></span> <span class='ocrx_word' id='word_1_62' title='bbox 862 1869 974 1946; x_wconf 86' lang='lat' dir='ltr'><strong>maris</strong></span> <span class='ocrx_word' id='word_1_63' title='bbox 994 1869 1186 1948; x_wconf 76' lang='lat' dir='ltr'><strong>Ichnemn.</strong></span> 
     </span>
     <span class='ocr_line' id='line_1_12' title="bbox 128 1991 1031 2094; baseline -0.002 -26"><span class='ocrx_word' id='word_1_64' title='bbox 128 1995 375 2094; x_wconf 76' lang='lat' dir='ltr'><strong>infractorii3</strong></span> <span class='ocrx_word' id='word_1_65' title='bbox 401 1991 574 2067; x_wconf 81' lang='lat' dir='ltr'><strong>antennis</strong></span> <span class='ocrx_word' id='word_1_66' title='bbox 595 2009 760 2067; x_wconf 82' lang='lat' dir='ltr'><strong>attamen</strong></span> <span class='ocrx_word' id='word_1_67' title='bbox 780 1991 1031 2067; x_wconf 87' lang='lat' dir='ltr'><strong>brevioribus.</strong></span> 
     </span>
    </p>

    <p class='ocr_par' dir='ltr' id='par_1_8' title="bbox 125 2110 1218 4135">
     <span class='ocr_line' id='line_1_13' title="bbox 205 2110 1189 2216; baseline 0.001 -28"><span class='ocrx_word' id='word_1_68' title='bbox 205 2111 428 2214; x_wconf 79' lang='lat' dir='ltr'><strong>Longitudo</strong></span> <span class='ocrx_word' id='word_1_69' title='bbox 442 2113 555 2190; x_wconf 83' lang='lat'><strong>5-7</strong></span> <span class='ocrx_word' id='word_1_70' title='bbox 567 2110 767 2187; x_wconf 89' lang='lat' dir='ltr'><strong>linearum.</strong></span> <span class='ocrx_word' id='word_1_71' title='bbox 796 2209 800 2216; x_wconf 93' lang='lat'><em>.</em></span> <span class='ocrx_word' id='word_1_72' title='bbox 816 2115 945 2214; x_wconf 83' lang='lat' dir='ltr'><strong>Caput</strong></span> <span class='ocrx_word' id='word_1_73' title='bbox 959 2136 1024 2187; x_wconf 90' lang='lat' dir='ltr'><strong>ore</strong></span> <span class='ocrx_word' id='word_1_74' title='bbox 1040 2125 1078 2188; x_wconf 88' lang='lat' dir='ltr'><strong>et</strong></span> <span class='ocrx_word' id='word_1_75' title='bbox 1092 2111 1189 2190; x_wconf 86' lang='lat' dir='ltr'><strong>facie</strong></span> 
     </span>
     <span class='ocr_line' id='line_1_14' title="bbox 126 2227 1189 2337; baseline -0.002 -29"><span class='ocrx_word' id='word_1_76' title='bbox 126 2230 251 2321; x_wconf 78' lang='lat' dir='ltr'><strong>flavis,</strong></span> <span class='ocrx_word' id='word_1_77' title='bbox 290 2232 413 2337; x_wconf 92' lang='lat' dir='ltr'><strong>palpis</strong></span> <span class='ocrx_word' id='word_1_78' title='bbox 446 2227 819 2308; x_wconf 80' lang='lat' dir='ltr'><strong>et‘mandibularum</strong></span> <span class='ocrx_word' id='word_1_79' title='bbox 859 2229 967 2336; x_wconf 85' lang='lat' dir='ltr'><strong>apice</strong></span> <span class='ocrx_word' id='word_1_80' title='bbox 1000 2229 1189 2306; x_wconf 86' lang='lat' dir='ltr'><strong>interdum</strong></span> 
     </span>
     <span class='ocr_line' id='line_1_15' title="bbox 126 2349 1189 2455; baseline 0 -26"><span class='ocrx_word' id='word_1_81' title='bbox 126 2350 417 2443; x_wconf 70' lang='lat' dir='ltr'><strong>rofescen&#39;tibus,</strong></span> <span class='ocrx_word' id='word_1_82' title='bbox 434 2351 623 2428; x_wconf 90' lang='lat' dir='ltr'><strong>interdurn</strong></span> <span class='ocrx_word' id='word_1_83' title='bbox 636 2349 751 2428; x_wconf 85' lang='lat' dir='ltr'><strong>etiam</strong></span> <span class='ocrx_word' id='word_1_84' title='bbox 766 2351 914 2427; x_wconf 88' lang='lat' dir='ltr'><strong>macula</strong></span> <span class='ocrx_word' id='word_1_85' title='bbox 929 2351 1056 2426; x_wconf 83' lang='lat' dir='ltr'><strong>faciali</strong></span> <span class='ocrx_word' id='word_1_86' title='bbox 1075 2351 1189 2455; x_wconf 83' lang='lat' dir='ltr'><strong>nigra.</strong></span> 
     </span>
     <span class='ocr_line' id='line_1_16' title="bbox 126 2468 1190 2552; baseline -0.002 -1"><span class='ocrx_word' id='word_1_87' title='bbox 126 2471 332 2552; x_wconf 81' lang='lat' dir='ltr'><strong>Antennoe</strong></span> <span class='ocrx_word' id='word_1_88' title='bbox 345 2471 507 2549; x_wconf 86' lang='lat' dir='ltr'><strong>articulo</strong></span> <span class='ocrx_word' id='word_1_89' title='bbox 526 2481 544 2551; x_wconf 97' lang='lat'>1</span> <span class='ocrx_word' id='word_1_90' title='bbox 562 2471 694 2548; x_wconf 80' lang='lat' dir='ltr'><strong>subtus</strong></span> <span class='ocrx_word' id='word_1_91' title='bbox 709 2473 819 2549; x_wconf 86' lang='lat' dir='ltr'><strong>ssavo.</strong></span> <span class='ocrx_word' id='word_1_92' title='bbox 865 2471 1034 2550; x_wconf 74' lang='lat' dir='ltr'><strong>Thorax</strong></span> <span class='ocrx_word' id='word_1_93' title='bbox 1047 2468 1190 2549; x_wconf 75' lang='lat' dir='ltr'><strong>lineola</strong></span> 
     </span>
     <span class='ocr_line' id='line_1_17' title="bbox 126 2588 1191 2699; baseline 0.003 -31"><span class='ocrx_word' id='word_1_94' title='bbox 126 2593 235 2670; x_wconf 82' lang='lat' dir='ltr'><strong>brevi</strong></span> <span class='ocrx_word' id='word_1_95' title='bbox 249 2591 346 2667; x_wconf 86' lang='lat' dir='ltr'><strong>infra</strong></span> <span class='ocrx_word' id='word_1_96' title='bbox 361 2590 449 2686; x_wconf 87' lang='lat' dir='ltr'><strong>alas,</strong></span> <span class='ocrx_word' id='word_1_97' title='bbox 477 2610 697 2699; x_wconf 88' lang='lat' dir='ltr'><strong>punctoque</strong></span> <span class='ocrx_word' id='word_1_98' title='bbox 712 2588 900 2668; x_wconf 82' lang='lat' dir='ltr'><strong>interdum</strong></span> <span class='ocrx_word' id='word_1_99' title='bbox 916 2589 1090 2669; x_wconf 89' lang='lat' dir='ltr'><strong>obsoleto</strong></span> <span class='ocrx_word' id='word_1_100' title='bbox 1104 2611 1191 2672; x_wconf 88' lang='lat' dir='ltr'><strong>ante</strong></span> 
     </span>
     <span class='ocr_line' id='line_1_18' title="bbox 126 2705 1191 2820; baseline 0.005 -33"><span class='ocrx_word' id='word_1_101' title='bbox 126 2705 221 2803; x_wconf 63' lang='lat' dir='ltr'><strong>alasj</strong></span> <span class='ocrx_word' id='word_1_102' title='bbox 245 2711 338 2788; x_wconf 89' lang='lat' dir='ltr'><strong>colli</strong></span> <span class='ocrx_word' id='word_1_103' title='bbox 355 2714 524 2820; x_wconf 80' lang='lat' dir='ltr'><strong>margine</strong></span> <span class='ocrx_word' id='word_1_104' title='bbox 538 2739 685 2820; x_wconf 88' lang='lat' dir='ltr'><strong>supero,</strong></span> <span class='ocrx_word' id='word_1_105' title='bbox 713 2715 833 2789; x_wconf 87' lang='lat' dir='ltr'><strong>rarius</strong></span> <span class='ocrx_word' id='word_1_106' title='bbox 847 2711 990 2789; x_wconf 89' lang='lat' dir='ltr'><strong>lineola</strong></span> <span class='ocrx_word' id='word_1_107' title='bbox 1003 2728 1191 2792; x_wconf 87' lang='lat' dir='ltr'><strong>transver-</strong></span> 
     </span>
     <span class='ocr_line' id='line_1_19' title="bbox 125 2831 1187 2927; baseline 0.006 -18"><span class='ocrx_word' id='word_1_108' title='bbox 125 2832 198 2909; x_wconf 87' lang='lat' dir='ltr'><strong>sali</strong></span> <span class='ocrx_word' id='word_1_109' title='bbox 233 2831 330 2907; x_wconf 82' lang='lat' dir='ltr'><strong>infra</strong></span> <span class='ocrx_word' id='word_1_110' title='bbox 356 2833 577 2927; x_wconf 89' lang='lat' dir='ltr'><strong>scutellum,</strong></span> <span class='ocrx_word' id='word_1_111' title='bbox 610 2835 729 2911; x_wconf 86' lang='lat' dir='ltr'><strong>flavis.</strong></span> <span class='ocrx_word' id='word_1_112' title='bbox 791 2835 1005 2912; x_wconf 80' lang='lat' dir='ltr'><strong>Scutellum</strong></span> <span class='ocrx_word' id='word_1_113' title='bbox 1038 2835 1187 2916; x_wconf 87' lang='lat' dir='ltr'><strong>flavum.</strong></span> 
     </span>
     <span class='ocr_line' id='line_1_20' title="bbox 126 2951 1191 3056; baseline -0.002 -22"><span class='ocrx_word' id='word_1_114' title='bbox 126 2957 233 3034; x_wconf 81' lang='lat' dir='ltr'><strong>Alce</strong></span> <span class='ocrx_word' id='word_1_115' title='bbox 267 2951 602 3056; x_wconf 83' lang='lat' dir='ltr'><strong>silaceohyalinae,</strong></span> <span class='ocrx_word' id='word_1_116' title='bbox 643 2953 750 3031; x_wconf 87' lang='lat' dir='ltr'><strong>radio</strong></span> <span class='ocrx_word' id='word_1_117' title='bbox 784 2970 824 3032; x_wconf 86' lang='lat' dir='ltr'><strong>et</strong></span> <span class='ocrx_word' id='word_1_118' title='bbox 858 2953 1031 3056; x_wconf 82' lang='lat' dir='ltr'><strong>stigmate</strong></span> <span class='ocrx_word' id='word_1_119' title='bbox 1064 2955 1191 3047; x_wconf 80' lang='lat' dir='ltr'><strong>fulvis,</strong></span> 
     </span>
     <span class='ocr_line' id='line_1_21' title="bbox 126 3069 1194 3178; baseline 0.002 -28"><span class='ocrx_word' id='word_1_120' title='bbox 126 3076 255 3150; x_wconf 85' lang='lat' dir='ltr'><strong>radice</strong></span> <span class='ocrx_word' id='word_1_121' title='bbox 277 3091 316 3150; x_wconf 90' lang='lat' dir='ltr'><strong>et</strong></span> <span class='ocrx_word' id='word_1_122' title='bbox 336 3077 531 3178; x_wconf 82' lang='lat' dir='ltr'><strong>squamula</strong></span> <span class='ocrx_word' id='word_1_123' title='bbox 551 3075 669 3154; x_wconf 82' lang='lat' dir='ltr'><strong>flavis.</strong></span> <span class='ocrx_word' id='word_1_124' title='bbox 704 3071 847 3153; x_wconf 82' lang='lat' dir='ltr'><strong>&#39;Pedes</strong></span> <span class='ocrx_word' id='word_1_125' title='bbox 859 3069 1066 3151; x_wconf 78' lang='lat' dir='ltr'><strong>semoribus</strong></span> <span class='ocrx_word' id='word_1_126' title='bbox 1088 3090 1194 3153; x_wconf 85' lang='lat' dir='ltr'><strong>ante·</strong></span> 
     </span>
     <span class='ocr_line' id='line_1_22' title="bbox 126 3191 1194 3301; baseline 0.001 -30"><span class='ocrx_word' id='word_1_127' title='bbox 126 3193 293 3272; x_wconf 87' lang='lat' dir='ltr'><strong>rioribus</strong></span> <span class='ocrx_word' id='word_1_128' title='bbox 314 3195 461 3271; x_wconf 81' lang='lat' dir='ltr'><strong>inferne</strong></span> <span class='ocrx_word' id='word_1_129' title='bbox 481 3211 520 3272; x_wconf 87' lang='lat' dir='ltr'><strong>et</strong></span> <span class='ocrx_word' id='word_1_130' title='bbox 540 3194 861 3301; x_wconf 81' lang='lat' dir='ltr'><strong>geniculo&#39;flavis3</strong></span> <span class='ocrx_word' id='word_1_131' title='bbox 885 3191 992 3268; x_wconf 92' lang='lat' dir='ltr'><strong>tibiis</strong></span> <span class='ocrx_word' id='word_1_132' title='bbox 1006 3195 1194 3297; x_wconf 77' lang='lat' dir='ltr'><strong>tersisque</strong></span> 
     </span>
     <span class='ocr_line' id='line_1_23' title="bbox 127 3307 1195 3419; baseline 0.006 -30"><span class='ocrx_word' id='word_1_133' title='bbox 127 3307 247 3405; x_wconf 81' lang='lat' dir='ltr'><strong>flavis,</strong></span> <span class='ocrx_word' id='word_1_134' title='bbox 269 3309 377 3390; x_wconf 86' lang='lat' dir='ltr'><strong>tibiis¹</strong></span> <span class='ocrx_word' id='word_1_135' title='bbox 391 3315 548 3418; x_wconf 88' lang='lat' dir='ltr'><strong>posticis</strong></span> <span class='ocrx_word' id='word_1_136' title='bbox 563 3316 671 3419; x_wconf 85' lang='lat' dir='ltr'><strong>apice</strong></span> <span class='ocrx_word' id='word_1_137' title='bbox 686 3316 794 3418; x_wconf 82' lang='lat' dir='ltr'><strong>nigro</strong></span> <span class='ocrx_word' id='word_1_138' title='bbox 808 3329 873 3390; x_wconf 88' lang='lat' dir='ltr'><strong>aut</strong></span> <span class='ocrx_word' id='word_1_139' title='bbox 885 3311 1006 3390; x_wconf 78' lang='lat' dir='ltr'><strong>fusco.</strong></span> <span class='ocrx_word' id='word_1_140' title='bbox 1059 3313 1195 3394; x_wconf 80' lang='lat' dir='ltr'><strong>Abdo-</strong></span> 
     </span>
     <span class='ocr_line' id='line_1_24' title="bbox 129 3431 1194 3540; baseline 0.003 -30"><span class='ocrx_word' id='word_1_141' title='bbox 129 3460 213 3510; x_wconf 87' lang='lat' dir='ltr'><strong>men</strong></span> <span class='ocrx_word' id='word_1_142' title='bbox 234 3431 467 3536; x_wconf 75' lang='lat' dir='ltr'><strong>segment02</strong></span> <span class='ocrx_word' id='word_1_143' title='bbox 489 3435 603 3527; x_wconf 86' lang='lat' dir='ltr'><strong>flavo,</strong></span> <span class='ocrx_word' id='word_1_144' title='bbox 630 3439 856 3540; x_wconf 89' lang='lat' dir='ltr'><strong>plerumque</strong></span> <span class='ocrx_word' id='word_1_145' title='bbox 877 3448 964 3510; x_wconf 88' lang='lat' dir='ltr'><strong>ante</strong></span> <span class='ocrx_word' id='word_1_146' title='bbox 986 3433 1194 3538; x_wconf 83' lang='lat' dir='ltr'><strong>marginem</strong></span> 
     </span>
     <span class='ocr_line' id='line_1_25' title="bbox 126 3553 1193 3657; baseline 0.001 -27"><span class='ocrx_word' id='word_1_147' title='bbox 126 3555 245 3630; x_wconf 86' lang='lat' dir='ltr'><strong>fascia</strong></span> <span class='ocrx_word' id='word_1_148' title='bbox 266 3581 332 3630; x_wconf 88' lang='lat' dir='ltr'><strong>seu</strong></span> <span class='ocrx_word' id='word_1_149' title='bbox 359 3554 460 3629; x_wconf 88' lang='lat' dir='ltr'><strong>linea</strong></span> <span class='ocrx_word' id='word_1_150' title='bbox 489 3555 746 3646; x_wconf 86' lang='lat' dir='ltr'><strong>transversali,</strong></span> <span class='ocrx_word' id='word_1_151' title='bbox 774 3554 837 3632; x_wconf 81' lang='lat' dir='ltr'><strong>vel</strong></span> <span class='ocrx_word' id='word_1_152' title='bbox 858 3553 971 3629; x_wconf 86' lang='lat' dir='ltr'><strong>etiam</strong></span> <span class='ocrx_word' id='word_1_153' title='bbox 991 3556 1193 3657; x_wconf 84' lang='lat' dir='ltr'><strong>triangulo,</strong></span> 
     </span>
     <span class='ocr_line' id='line_1_26' title="bbox 126 3673 1194 3776; baseline 0.001 -26"><span class='ocrx_word' id='word_1_154' title='bbox 126 3673 273 3776; x_wconf 82' lang='lat' dir='ltr'><strong>majore</strong></span> <span class='ocrx_word' id='word_1_155' title='bbox 293 3675 504 3764; x_wconf 88' lang='lat' dir='ltr'><strong>minoreve,</strong></span> <span class='ocrx_word' id='word_1_156' title='bbox 532 3675 720 3750; x_wconf 87' lang='lat' dir='ltr'><strong>interdum</strong></span> <span class='ocrx_word' id='word_1_157' title='bbox 740 3674 819 3750; x_wconf 84' lang='lat' dir='ltr'><strong>fere</strong></span> <span class='ocrx_word' id='word_1_158' title='bbox 846 3674 1039 3763; x_wconf 89' lang='lat' dir='ltr'><strong>obsoleto,</strong></span> <span class='ocrx_word' id='word_1_159' title='bbox 1068 3675 1194 3776; x_wconf 80' lang='lat' dir='ltr'><strong>nigr03</strong></span> 
     </span>
     <span class='ocr_line' id='line_1_27' title="bbox 127 3793 1193 3896; baseline -0.004 -22"><span class='ocrx_word' id='word_1_160' title='bbox 127 3805 252 3874; x_wconf 71' lang='lat' dir='ltr'><strong>Stoto</strong></span> <span class='ocrx_word' id='word_1_161' title='bbox 267 3796 382 3882; x_wconf 88' lang='lat' dir='ltr'><strong>flavo,</strong></span> <span class='ocrx_word' id='word_1_162' title='bbox 408 3795 527 3869; x_wconf 74' lang='lat' dir='ltr'><strong>rarius</strong></span> <span class='ocrx_word' id='word_1_163' title='bbox 543 3811 687 3896; x_wconf 87' lang='lat' dir='ltr'><strong>puncto</strong></span> <span class='ocrx_word' id='word_1_164' title='bbox 711 3811 775 3870; x_wconf 85' lang='lat' dir='ltr'><strong>aut</strong></span> <span class='ocrx_word' id='word_1_165' title='bbox 791 3793 932 3871; x_wconf 86' lang='lat' dir='ltr'><strong>lineola</strong></span> <span class='ocrx_word' id='word_1_166' title='bbox 955 3794 1193 3872; x_wconf 80' lang='lat' dir='ltr'><strong>transversali</strong></span> 
     </span>
     <span class='ocr_line' id='line_1_28' title="bbox 127 3912 1218 4020; baseline 0.009 -35"><span class='ocrx_word' id='word_1_167' title='bbox 127 3912 247 4004; x_wconf 81' lang='lat' dir='ltr'><strong>fusca,</strong></span> <span class='ocrx_word' id='word_1_168' title='bbox 264 3914 437 3990; x_wconf 86' lang='lat' dir='ltr'><strong>breviore</strong></span> <span class='ocrx_word' id='word_1_169' title='bbox 452 3930 517 3990; x_wconf 87' lang='lat' dir='ltr'><strong>aut</strong></span> <span class='ocrx_word' id='word_1_170' title='bbox 528 3915 713 4018; x_wconf 84' lang='lat' dir='ltr'><strong>longiore,</strong></span> <span class='ocrx_word' id='word_1_171' title='bbox 728 3927 815 3991; x_wconf 84' lang='lat' dir='ltr'><strong>ante</strong></span> <span class='ocrx_word' id='word_1_172' title='bbox 826 3913 1036 4016; x_wconf 70' lang='lat' dir='ltr'><strong>&#39;marginem</strong></span> <span class='ocrx_word' id='word_1_173' title='bbox 1060 3923 1085 3997; x_wconf 88' lang='lat'><strong>4</strong></span> <span class='ocrx_word' id='word_1_174' title='bbox 1098 3924 1184 3995; x_wconf 75' lang='lat'><strong>-7</strong></span> <span class='ocrx_word' id='word_1_175' title='bbox 1215 4013 1218 4020; x_wconf 88' lang='lat'>.</span> 
     </span>
     <span class='ocr_line' id='line_1_29' title="bbox 130 4033 1103 4135; baseline 0.003 -27"><span class='ocrx_word' id='word_1_176' title='bbox 130 4035 462 4135; x_wconf 83' lang='lat' dir='ltr'><strong>flavomarginatis.</strong></span> <span class='ocrx_word' id='word_1_177' title='bbox 1050 4063 1052 4068; x_wconf 86' lang='lat'>·</span> <span class='ocrx_word' id='word_1_178' title='bbox 1099 4033 1103 4040; x_wconf 45' lang='lat'>⁶</span> 
     </span>
    </p>
   </div>
   <div class='ocr_carea' id='block_1_8' title="bbox 0 0 1398 4624">
    <p class='ocr_par' dir='ltr' id='par_1_9' title="bbox 0 0 1398 4624">
     <span class='ocr_line' id='line_1_30' title="bbox 0 0 1398 4624; baseline 0 0"><span class='ocrx_word' id='word_1_179' title='bbox 0 0 1398 4624; x_wconf 95' lang='lat' dir='ltr'><strong> </strong></span> 
     </span>
    </p>
   </div>
  </div>
 </body>
</html>
