2728 4618
236 195 311 272 144
631 211 899 266 ronanuuou

233 377 405 458 articulis
436 386 528 461 2⁴.-
542 383 602 460 10,
622 377 848 480 plerumque
877 375 967 452 basi
1008 373 1310 478 nigricantlbus,

237 508 400 578 11-1s
422 523 584 601 superne
610 497 875 600 pallidioribus
897 495 1132 572 subalbidis.
1187 497 1311 574 rso·
1348 507 1349 516 ’

235 646 316 696 rex
336 619 597 720 cylindricus,
632 633 774 720 puncto
807 616 1059 692 minutissimo
1094 617 1181 692 albo
1207 633 1310 695 ante

234 741 324 815 alus.
379 741 483 816 Alae
511 739 737 826 mediocres,
766 735 1173 837 subf'urnatohyalinae,
1201 735 1309 838 stig-

201 907 207 916 ·
234 873 334 934 mate
357 873 395 934 et
413 858 518 932 radio
540 857 672 947 luscis,
699 857 824 932 radice
843 873 881 932 et
898 881 1043 957 gemma
1058 856 1309 932 flavescenti·

233 981 321 1066 bns,
350 979 475 1052 areola
496 975 853 1080 quinqueangulari:
902 975 1024 1053 Pedes
1045 975 1308 1050 subcrassius-
1349 967 1350 982 ³

226 1100 337 1188 ·culi,·'
361 1099 451 1185 ruba
479 1093 582 1172 coris
605 1097 666 1172 vel
688 1097 779 1171 totis
793 1095 855 1171 vel
876 1094 957 1168 basi
973 1093 1105 1195 nigris,
1133 1096 1305 1196 posticis

228 1221 367 1296 subtus
381 1218 494 1293 dente
514 1228 628 1293 acuto
640 1217 814 1305 armatis,
840 1214 978 1318 postioi
998 1214 1109 1289 tarsis
1128 1239 1197 1290 nec
1217 1239 1307 1293 non

232 1341 420 1416 tibiarum·
431 1363 576 1412 summa
592 1337 671 1412 basi
685 1336 868 1438 spiceque
887 1335 1174 1437 nigricantibus,
1203 1337 1307 1412 arti-

233 1461 333 1538 culis
353 1475 539 1535 tarsorurn
558 1458 782 1559 plerumque
802 1455 881 1530 basi
897 1455 1159 1530 albicantibus.
1190 1441 1192 1446 ⁵
1212 1453 1308 1533 Ab·

236 1581 373 1661 damen
397 1577 531 1680 capitis
556 1576 801 1678 thoracisque
834 1573 1071 1676 longitudine
1095 1589 1134 1650 et
1162 1575 1307 1652 latitu-

228 1701 343 1788 dine3
370 1695 569 1801 segmentis
584 1701 687 1774 2—4
700 1695 927 1797 plerumque
941 1695 1150 1798 nequibitis,
1168 1704 1188 1773 1
1206 1695 1306 1771 sub-

236 1819 354 1909 laevi,
381 1827 423 1908 2,
446 1815 633 1894 interdurn
649 1839 801 1917 quoque
816 1819 939 1906 3-5,
966 1815 1133 1917 margine
1149 1841 1305 1894 summo

234 1940 460 2018 rufescente.
514 1939 685 2016 Aculeus
702 1951 887 2025 exsertus,
914 1935 1170 2036 brevissimus.

121 2143 123 2146 ,
242 2068 245 2073 ’
311 2059 435 2135 Mares
456 2059 566 2146 duos,
595 2081 715 2158 prope
737 2053 1031 2156 Norimbergem
1057 2069 1095 2131 et
1122 2056 1304 2132 Siclers-

234 2181 379 2258 hausen
393 2193 534 2280 captos,
561 2178 698 2290 Sturm
714 2191 753 2252 et
766 2176 865 2252 Nees
878 2174 928 2253 ab
940 2174 1133 2254 Esenbeclr
1146 2201 1303 2252 mecum

136 2299 140 2310 ⁴
235 2301 619 2376 communicaverunt.

312 2419 490 2494 Feminae
504 2417 633 2519 plures
647 2431 778 2517 captae
793 2432 880 2491 sunt
895 2415 934 2491 in
946 2418 1103 2507 Silesia,
1117 2415 1299 2508 Lucretio,

235 2541 478 2627 Franconia,
504 2535 724 2639 Hercynia,
749 2538 940 2628 Austris,
965 2539 1101 2615 Italia.

620 2757 909 2834 Varietates:
935 2723 938 2730 Ι

247 2913 251 2918 ·
314 2903 348 2974 1.
387 2894 501 2969 Coxis
529 2893 687 2996 posticis
717 2895 998 2978 subcalcaratiss
1030 2894 1136 2971 tibiis
1165 2892 1301 2972 tarsis·

237 3041 311 3120 que
330 3014 489 3118 posticis
516 3015 604 3090 albo
632 3015 815 3119 nigroque
842 3015 968 3092 variis.
995 3059 1049 3072 -
1072 3017 1301 3117 Longitudo

230 3137 302 3237 '37³
319 3135 516 3213 linearum.
557 3138 761 3213 Antennue
774 3135 918 3225 fuscae,
944 3135 1114 3212 articulis
1131 3145 1300 3218 10-12

237 3255 388 3334 sordide
427 3255 579 3346 albidis,
626 3255 773 3334 inferne
811 3255 1047 3357 ferrugineis.
1125 3257 1300 3334 Tlrorux

236 3390 379 3478 puncto
395 3374 482 3450 albo
496 3375 685 3466 antealas,
714 3377 910 3480 alteroque
923 3377 1021 3453 infre
1033 3375 1123 3454 alas.
1172 3376 1300 3456 Pedes

235 3497 325 3585 rufi,
352 3495 456 3572 coxis
474 3495 632 3598 posticis
651 3495 799 3576 inferne
819 3497 965 3572 calcare
984 3496 1158 3574 breviore
1171 3511 1211 3574 et
1225 3497 1299 3574 ob·

235 3614 380 3690 tusiore
395 3641 507 3717 quam
522 3616 663 3717 speciei
678 3617 873 3716 genuinae,
892 3615 1194 3696 trochanteribus
1208 3617 1299 3693 sub-

234 3749 296 3811 tus
323 3735 602 3825 flavicantibus3
637 3737 776 3840 postici
803 3735 907 3814 tibiis
934 3741 1120 3840 tersisque
1146 3737 1297 3816 sordide

235 3853 388 3944 albidis,
415 3854 496 3932 illis
517 3855 597 3932 basi
619 3871 658 3932 et
678 3857 803 3961 apice,
830 3857 890 3934 bis
908 3857 1153 3936 articulorum
1175 3857 1298 3962 apici·

234 3973 323 4064 bus,
351 3972 478 4076 nigris.
