<?xml version="1.0" encoding="UTF-8"?>
<!DOCTYPE html PUBLIC "-//W3C//DTD XHTML 1.0 Transitional//EN"
    "http://www.w3.org/TR/xhtml1/DTD/xhtml1-transitional.dtd">
<html xmlns="http://www.w3.org/1999/xhtml" xml:lang="en" lang="en">
 <head>
  <title>
</title>
<meta http-equiv="Content-Type" content="text/html;charset=utf-8" />
  <meta name='ocr-system' content='tesseract 3.04.00' />
  <meta name='ocr-capabilities' content='ocr_page ocr_carea ocr_par ocr_line ocrx_word'/>
</head>
<body>
  <div class='ocr_page' id='page_1' title='image "./ichneumonologia03gravgoog_0680.png"; bbox 0 0 2758 4638; ppageno 0'>
   <div class='ocr_carea' id='block_1_1' title="bbox 530 151 1308 264">
    <p class='ocr_par' dir='ltr' id='par_1_1' title="bbox 530 151 1308 264">
     <span class='ocr_line' id='line_1_1' title="bbox 530 151 1308 264; baseline -0.004 -18"><span class='ocrx_word' id='word_1_1' title='bbox 530 194 688 248; x_wconf 78' lang='lat' dir='ltr'>aaarrs</span> <span class='ocrx_word' id='word_1_2' title='bbox 725 196 751 247; x_wconf 84' lang='lat' dir='ltr'>r.</span> <span class='ocrx_word' id='word_1_3' title='bbox 1094 179 1177 264; x_wconf 66' lang='lat' dir='ltr'>&#39;m</span> <span class='ocrx_word' id='word_1_4' title='bbox 1304 151 1308 170; x_wconf 60' lang='lat'>¹</span> 
     </span>
    </p>
   </div>
   <div class='ocr_carea' id='block_1_2' title="bbox 108 347 1311 1038">
    <p class='ocr_par' dir='ltr' id='par_1_2' title="bbox 108 347 1311 1038">
     <span class='ocr_line' id='line_1_2' title="bbox 108 347 1174 450; baseline -0.002 -10"><span class='ocrx_word' id='word_1_5' title='bbox 108 357 470 448; x_wconf 80' lang='lat' dir='ltr'>chneumonidum,</span> <span class='ocrx_word' id='word_1_6' title='bbox 492 359 555 436; x_wconf 79' lang='lat' dir='ltr'>rel</span> <span class='ocrx_word' id='word_1_7' title='bbox 562 358 682 434; x_wconf 84' lang='lat' dir='ltr'>rarius</span> <span class='ocrx_word' id='word_1_8' title='bbox 693 357 939 446; x_wconf 76' lang='lat' dir='ltr'>obvenientes</span> <span class='ocrx_word' id='word_1_9' title='bbox 948 347 1174 450; x_wconf 83' lang='lat' dir='ltr'>velomnino</span> 
     </span>
     <span class='ocr_line' id='line_1_3' title="bbox 109 471 1174 582; baseline -0.006 -21"><span class='ocrx_word' id='word_1_10' title='bbox 109 505 247 571; x_wconf 81' lang='lat' dir='ltr'>noras,</span> <span class='ocrx_word' id='word_1_11' title='bbox 270 474 512 558; x_wconf 77' lang='lat' dir='ltr'>describebat</span> <span class='ocrx_word' id='word_1_12' title='bbox 520 493 562 554; x_wconf 87' lang='lat' dir='ltr'>et</span> <span class='ocrx_word' id='word_1_13' title='bbox 571 471 1046 582; x_wconf 46' lang='lat' dir='ltr'>iconibussalegantissimis</span> <span class='ocrx_word' id='word_1_14' title='bbox 1065 502 1174 556; x_wconf 77' lang='lat' dir='ltr'>socu-</span> 
     </span>
     <span class='ocr_line' id='line_1_4' title="bbox 108 595 1311 703; baseline -0.004 -25"><span class='ocrx_word' id='word_1_15' title='bbox 108 597 389 703; x_wconf 78' lang='lat' dir='ltr'>ratissimisqne</span> <span class='ocrx_word' id='word_1_16' title='bbox 413 599 535 674; x_wconf 83' lang='lat' dir='ltr'>&#39;totius</span> <span class='ocrx_word' id='word_1_17' title='bbox 561 595 745 672; x_wconf 84' lang='lat' dir='ltr'>animalis·</span> <span class='ocrx_word' id='word_1_18' title='bbox 765 612 815 676; x_wconf 31' lang='lat' dir='ltr'>et*</span> <span class='ocrx_word' id='word_1_19' title='bbox 830 597 1062 701; x_wconf 83' lang='lat' dir='ltr'>singularum</span> <span class='ocrx_word' id='word_1_20' title='bbox 1089 599 1173 702; x_wconf 81' lang='lat' dir='ltr'>ejus¹</span> <span class='ocrx_word' id='word_1_21' title='bbox 1305 603 1311 614; x_wconf 85' lang='lat'>&#39;</span> 
     </span>
     <span class='ocr_line' id='line_1_5' title="bbox 111 709 1174 829; baseline -0.005 -31"><span class='ocrx_word' id='word_1_22' title='bbox 111 722 297 829; x_wconf 88' lang='lat' dir='ltr'>partium,</span> <span class='ocrx_word' id='word_1_23' title='bbox 320 718 508 822; x_wconf 84' lang='lat' dir='ltr'>imprimis</span> <span class='ocrx_word' id='word_1_24' title='bbox 522 716 616 806; x_wconf 83' lang='lat' dir='ltr'>oris,</span> <span class='ocrx_word' id='word_1_25' title='bbox 639 716 872 809; x_wconf 85' lang='lat' dir='ltr'>illustrabat,</span> <span class='ocrx_word' id='word_1_26' title='bbox 893 719 1029 810; x_wconf 86' lang='lat' dir='ltr'>additis</span> <span class='ocrx_word' id='word_1_27' title='bbox 1045 709 1174 796; x_wconf 79' lang='lat' dir='ltr'>obser·</span> 
     </span>
     <span class='ocr_line' id='line_1_6' title="bbox 109 835 1176 950; baseline -0.005 -32"><span class='ocrx_word' id='word_1_28' title='bbox 109 839 348 932; x_wconf 78' lang='lat' dir='ltr'>rationibus,</span> <span class='ocrx_word' id='word_1_29' title='bbox 370 841 419 918; x_wconf 89' lang='lat' dir='ltr'>ad</span> <span class='ocrx_word' id='word_1_30' title='bbox 431 840 531 918; x_wconf 86' lang='lat' dir='ltr'>vitae</span> <span class='ocrx_word' id='word_1_31' title='bbox 543 862 660 940; x_wconf 81' lang='lat' dir='ltr'>genus</span> <span class='ocrx_word' id='word_1_32' title='bbox 675 837 811 916; x_wconf 88' lang='lat' dir='ltr'>horum</span> <span class='ocrx_word' id='word_1_33' title='bbox 821 837 1053 916; x_wconf 81' lang='lat' dir='ltr'>insectorum</span> <span class='ocrx_word' id='word_1_34' title='bbox 1065 835 1176 950; x_wconf 57' lang='lat' dir='ltr'>specss</span> 
     </span>
     <span class='ocr_line' id='line_1_7' title="bbox 110 959 595 1038; baseline -0.004 0"><span class='ocrx_word' id='word_1_35' title='bbox 110 959 296 1038; x_wconf 78' lang='lat' dir='ltr'>cantibus.</span> <span class='ocrx_word' id='word_1_36' title='bbox 593 971 595 978; x_wconf 80' lang='grc'>’</span> 
     </span>
    </p>
   </div>
   <div class='ocr_carea' id='block_1_3' title="bbox 529 1184 759 1286">
    <p class='ocr_par' dir='ltr' id='par_1_3' title="bbox 529 1184 759 1286">
     <span class='ocr_line' id='line_1_8' title="bbox 529 1184 759 1286; baseline 0 -26"><span class='ocrx_word' id='word_1_37' title='bbox 529 1184 633 1286; x_wconf 77' lang='lat' dir='ltr'>Pag.</span> <span class='ocrx_word' id='word_1_38' title='bbox 660 1187 759 1262; x_wconf 85' lang='grc'><strong>676.</strong></span> 
     </span>
    </p>
   </div>
   <div class='ocr_carea' id='block_1_4' title="bbox 114 1315 1181 2872">
    <p class='ocr_par' dir='ltr' id='par_1_4' title="bbox 114 1315 1181 2872">
     <span class='ocr_line' id='line_1_9' title="bbox 186 1315 1176 1424; baseline -0.004 -26"><span class='ocrx_word' id='word_1_39' title='bbox 186 1319 906 1424; x_wconf 81' lang='lat' dir='ltr'>Ichnaumonemparvumsingularem,</span> <span class='ocrx_word' id='word_1_40' title='bbox 920 1315 1176 1422; x_wconf 82' lang='lat' dir='ltr'>cimaNetley</span> 
     </span>
     <span class='ocr_line' id='line_1_10' title="bbox 114 1438 1176 1547; baseline -0.007 -27"><span class='ocrx_word' id='word_1_41' title='bbox 114 1459 287 1547; x_wconf 80' lang='lat' dir='ltr'>captum,</span> <span class='ocrx_word' id='word_1_42' title='bbox 314 1442 427 1546; x_wconf 86' lang='lat' dir='ltr'>Hope</span> <span class='ocrx_word' id='word_1_43' title='bbox 447 1442 494 1518; x_wconf 88' lang='lat' dir='ltr'>ad</span> <span class='ocrx_word' id='word_1_44' title='bbox 512 1469 574 1520; x_wconf 89' lang='lat' dir='ltr'>me</span> <span class='ocrx_word' id='word_1_45' title='bbox 587 1439 711 1518; x_wconf 71' lang='lat' dir='ltr'>misitz</span> <span class='ocrx_word' id='word_1_46' title='bbox 736 1441 874 1519; x_wconf 76' lang='lat' dir='ltr'>Forma</span> <span class='ocrx_word' id='word_1_47' title='bbox 888 1438 1100 1517; x_wconf 86' lang='lat' dir='ltr'>abdominis</span> <span class='ocrx_word' id='word_1_48' title='bbox 1110 1463 1176 1541; x_wconf 82' lang='lat' dir='ltr'>pe-</span> 
     </span>
     <span class='ocr_line' id='line_1_11' title="bbox 114 1559 1177 1667; baseline -0.003 -29"><span class='ocrx_word' id='word_1_49' title='bbox 114 1563 259 1653; x_wconf 85' lang='lat' dir='ltr'>tiolati,</span> <span class='ocrx_word' id='word_1_50' title='bbox 288 1563 448 1667; x_wconf 81' lang='lat' dir='ltr'>pedibus¹</span> <span class='ocrx_word' id='word_1_51' title='bbox 477 1562 726 1664; x_wconf 75' lang='lat' dir='ltr'>antennisque</span> <span class='ocrx_word' id='word_1_52' title='bbox 751 1559 1014 1649; x_wconf 76' lang='lat' dir='ltr'>crassioribus,</span> <span class='ocrx_word' id='word_1_53' title='bbox 1042 1559 1177 1664; x_wconf 89' lang='lat' dir='ltr'>aculeo</span> 
     </span>
     <span class='ocr_line' id='line_1_12' title="bbox 116 1681 1178 1783; baseline -0.004 -23"><span class='ocrx_word' id='word_1_54' title='bbox 116 1683 339 1760; x_wconf 82' lang='lat' dir='ltr'>abscondito</span> <span class='ocrx_word' id='word_1_55' title='bbox 362 1681 520 1781; x_wconf 81' lang='lat' dir='ltr'>(femina</span> <span class='ocrx_word' id='word_1_56' title='bbox 540 1683 649 1780; x_wconf 21' lang='lat' dir='ltr'>,enims</span> <span class='ocrx_word' id='word_1_57' title='bbox 662 1709 745 1760; x_wconf 85' lang='lat' dir='ltr'>esse</span> <span class='ocrx_word' id='word_1_58' title='bbox 764 1681 916 1760; x_wconf 86' lang='lat' dir='ltr'>ridetur</span> <span class='ocrx_word' id='word_1_59' title='bbox 935 1695 1092 1783; x_wconf 75' lang='lat' dir='ltr'>propter</span> <span class='ocrx_word' id='word_1_60' title='bbox 1111 1708 1178 1756; x_wconf 89' lang='lat' dir='ltr'>an·</span> 
     </span>
     <span class='ocr_line' id='line_1_13' title="bbox 115 1793 1178 1902; baseline -0.004 -20"><span class='ocrx_word' id='word_1_61' title='bbox 115 1819 250 1882; x_wconf 73' lang='lat' dir='ltr'>tenum</span> <span class='ocrx_word' id='word_1_62' title='bbox 269 1802 473 1880; x_wconf 76' lang='lat' dir='ltr'>crassiores</span> <span class='ocrx_word' id='word_1_63' title='bbox 493 1799 684 1880; x_wconf 82' lang='lat' dir='ltr'>involutas</span> <span class='ocrx_word' id='word_1_64' title='bbox 702 1819 743 1880; x_wconf 91' lang='lat' dir='ltr'>et</span> <span class='ocrx_word' id='word_1_65' title='bbox 760 1803 946 1879; x_wconf 83' lang='lat' dir='ltr'>abdomen</span> <span class='ocrx_word' id='word_1_66' title='bbox 958 1793 1178 1902; x_wconf 73' lang='lat' dir='ltr'>robustum)</span> 
     </span>
     <span class='ocr_line' id='line_1_14' title="bbox 117 1919 1178 2029; baseline -0.006 -29"><span class='ocrx_word' id='word_1_67' title='bbox 117 1951 205 2028; x_wconf 73' lang='lat' dir='ltr'>cunr</span> <span class='ocrx_word' id='word_1_68' title='bbox 220 1923 363 2001; x_wconf 78' lang='lat' dir='ltr'>familia</span> <span class='ocrx_word' id='word_1_69' title='bbox 377 1923 498 2025; x_wconf 84' lang='lat' dir='ltr'>prima</span> <span class='ocrx_word' id='word_1_70' title='bbox 513 1919 660 2024; x_wconf 81' lang='lat' dir='ltr'>generis</span> <span class='ocrx_word' id='word_1_71' title='bbox 675 1927 702 2000; x_wconf 91' lang='grc' dir='ltr'><em>Ι</em></span> <span class='ocrx_word' id='word_1_72' title='bbox 702 1923 974 2003; x_wconf 77' lang='lat' dir='ltr'>eltneumonum</span> <span class='ocrx_word' id='word_1_73' title='bbox 986 1921 1178 2029; x_wconf 62' lang='lat' dir='ltr'>congruim</span> 
     </span>
     <span class='ocr_line' id='line_1_15' title="bbox 117 2041 1180 2146; baseline -0.002 -28"><span class='ocrx_word' id='word_1_74' title='bbox 117 2042 294 2120; x_wconf 76' lang='lat' dir='ltr'>discedit.</span> <span class='ocrx_word' id='word_1_75' title='bbox 307 2058 433 2120; x_wconf 84' lang='lat' dir='ltr'>autem</span> <span class='ocrx_word' id='word_1_76' title='bbox 462 2045 512 2118; x_wconf 86' lang='lat' dir='ltr'>ab</span> <span class='ocrx_word' id='word_1_77' title='bbox 536 2043 605 2119; x_wconf 86' lang='lat' dir='ltr'>illa</span> <span class='ocrx_word' id='word_1_78' title='bbox 630 2043 756 2145; x_wconf 83' lang='lat' dir='ltr'>capite</span> <span class='ocrx_word' id='word_1_79' title='bbox 776 2041 1024 2146; x_wconf 81' lang='lat' dir='ltr'>subgloboso,</span> <span class='ocrx_word' id='word_1_80' title='bbox 1052 2041 1180 2122; x_wconf 83' lang='lat' dir='ltr'>areola</span> 
     </span>
     <span class='ocr_line' id='line_1_16' title="bbox 118 2145 1179 2265; baseline 0 -27"><span class='ocrx_word' id='word_1_81' title='bbox 118 2165 263 2240; x_wconf 82' lang='lat' dir='ltr'>alarum</span> <span class='ocrx_word' id='word_1_82' title='bbox 284 2163 504 2253; x_wconf 83' lang='lat' dir='ltr'>deficiente,</span> <span class='ocrx_word' id='word_1_83' title='bbox 536 2178 770 2265; x_wconf 82' lang='lat' dir='ltr'>quapropter</span> <span class='ocrx_word' id='word_1_84' title='bbox 787 2163 915 2242; x_wconf 82' lang='lat' dir='ltr'>forsan</span> <span class='ocrx_word' id='word_1_85' title='bbox 934 2164 975 2240; x_wconf 88' lang='lat' dir='ltr'>in</span> <span class='ocrx_word' id='word_1_86' title='bbox 994 2145 1179 2238; x_wconf 80' lang='lat' dir='ltr'>familiari</span> 
     </span>
     <span class='ocr_line' id='line_1_17' title="bbox 117 2281 1180 2390; baseline -0.002 -30"><span class='ocrx_word' id='word_1_87' title='bbox 117 2283 574 2390; x_wconf 72' lang='lat' dir='ltr'>pecudiarem(sulsgeaus</span> <span class='ocrx_word' id='word_1_88' title='bbox 588 2285 861 2388; x_wconf 80' lang='lat' dir='ltr'>Microleptes,</span> <span class='ocrx_word' id='word_1_89' title='bbox 887 2281 1180 2371; x_wconf 75' lang='lat' dir='ltr'>averbonzupo-</span> 
     </span>
     <span class='ocr_line' id='line_1_18' title="bbox 117 2393 1181 2513; baseline 0.004 -37"><span class='ocrx_word' id='word_1_90' title='bbox 117 2409 269 2503; x_wconf 66' lang='grc' dir='ltr'>λέπτηε,</span> <span class='ocrx_word' id='word_1_91' title='bbox 292 2405 416 2484; x_wconf 81' lang='lat' dir='ltr'>furem</span> <span class='ocrx_word' id='word_1_92' title='bbox 431 2432 558 2484; x_wconf 86' lang='lat' dir='ltr'>rerum</span> <span class='ocrx_word' id='word_1_93' title='bbox 573 2405 803 2482; x_wconf 88' lang='lat' dir='ltr'>minutarum</span> <span class='ocrx_word' id='word_1_94' title='bbox 817 2403 1069 2513; x_wconf 78' lang='lat' dir='ltr'>significante,</span> <span class='ocrx_word' id='word_1_95' title='bbox 1089 2393 1181 2506; x_wconf 81' lang='lat' dir='ltr'>qnia</span> 
     </span>
     <span class='ocr_line' id='line_1_19' title="bbox 117 2511 1181 2631; baseline 0.002 -31"><span class='ocrx_word' id='word_1_96' title='bbox 117 2523 192 2602; x_wconf 86' lang='lat' dir='ltr'>hoc</span> <span class='ocrx_word' id='word_1_97' title='bbox 218 2525 405 2631; x_wconf 78' lang='lat' dir='ltr'>innectum</span> <span class='ocrx_word' id='word_1_98' title='bbox 431 2525 621 2608; x_wconf 88' lang='lat' dir='ltr'>minutum</span> <span class='ocrx_word' id='word_1_99' title='bbox 645 2525 774 2606; x_wconf 82' lang='lat' dir='ltr'>forsan</span> <span class='ocrx_word' id='word_1_100' title='bbox 795 2550 872 2604; x_wconf 88' lang='lat' dir='ltr'>non</span> <span class='ocrx_word' id='word_1_101' title='bbox 893 2524 967 2606; x_wconf 87' lang='lat' dir='ltr'>nisi</span> <span class='ocrx_word' id='word_1_102' title='bbox 984 2525 1107 2604; x_wconf 76' lang='lat' dir='ltr'>larvas</span> <span class='ocrx_word' id='word_1_103' title='bbox 1122 2511 1181 2602; x_wconf 64' lang='lat' dir='ltr'>inss</span> 
     </span>
     <span class='ocr_line' id='line_1_20' title="bbox 119 2643 1178 2751; baseline -0.001 -29"><span class='ocrx_word' id='word_1_104' title='bbox 119 2662 308 2724; x_wconf 83' lang='lat' dir='ltr'>sectorum</span> <span class='ocrx_word' id='word_1_105' title='bbox 333 2672 537 2750; x_wconf 83' lang='lat' dir='ltr'>parvorum</span> <span class='ocrx_word' id='word_1_106' title='bbox 563 2647 795 2751; x_wconf 82' lang='lat' dir='ltr'>aggreditur)</span> <span class='ocrx_word' id='word_1_107' title='bbox 834 2643 983 2750; x_wconf 83' lang='lat' dir='ltr'>sejungi</span> <span class='ocrx_word' id='word_1_108' title='bbox 1009 2645 1178 2726; x_wconf 82' lang='lat' dir='ltr'>deberet.</span> 
     </span>
     <span class='ocr_line' id='line_1_21' title="bbox 119 2767 660 2872; baseline 0.006 -30"><span class='ocrx_word' id='word_1_109' title='bbox 119 2767 342 2871; x_wconf 86' lang='lat' dir='ltr'>Descriptio</span> <span class='ocrx_word' id='word_1_110' title='bbox 362 2767 446 2872; x_wconf 87' lang='lat' dir='ltr'>ejus</span> <span class='ocrx_word' id='word_1_111' title='bbox 468 2767 562 2848; x_wconf 87' lang='lat' dir='ltr'>baec</span> <span class='ocrx_word' id='word_1_112' title='bbox 583 2784 660 2848; x_wconf 81' lang='lat' dir='ltr'>cst:</span> 
     </span>
    </p>
   </div>
   <div class='ocr_carea' id='block_1_5' title="bbox 143 3143 1099 3393">
    <p class='ocr_par' dir='ltr' id='par_1_5' title="bbox 143 3143 1099 3393">
     <span class='ocr_line' id='line_1_22' title="bbox 143 3143 1099 3242; baseline -0.001 -25"><span class='ocrx_word' id='word_1_113' title='bbox 143 3199 157 3242; x_wconf 61' lang='lat'>‚²</span> <span class='ocrx_word' id='word_1_114' title='bbox 202 3147 580 3218; x_wconf 75' lang='lat' dir='ltr'>MrcnoLEPTus</span> <span class='ocrx_word' id='word_1_115' title='bbox 610 3143 1030 3218; x_wconf 82' lang='lat' dir='ltr'><strong>SPLENDIDULUS.</strong></span> <span class='ocrx_word' id='word_1_116' title='bbox 1061 3169 1099 3216; x_wconf 79' lang='lat' dir='ltr'>n·</span> 
     </span>
     <span class='ocr_line' id='line_1_23' title="bbox 417 3297 879 3393; baseline -0.011 -22"><span class='ocrx_word' id='word_1_117' title='bbox 417 3303 537 3392; x_wconf 85' lang='lat' dir='ltr'>Niger,</span> <span class='ocrx_word' id='word_1_118' title='bbox 565 3299 708 3393; x_wconf 85' lang='lat' dir='ltr'>pedibus</span> <span class='ocrx_word' id='word_1_119' title='bbox 730 3297 825 3370; x_wconf 81' lang='lat' dir='ltr'>rufis.</span> <span class='ocrx_word' id='word_1_120' title='bbox 852 3297 879 3367; x_wconf 81' lang='lat' dir='ltr'>f.</span> 
     </span>
    </p>
   </div>
   <div class='ocr_carea' id='block_1_6' title="bbox 121 3491 1186 4086">
    <p class='ocr_par' dir='ltr' id='par_1_6' title="bbox 121 3491 1186 4086">
     <span class='ocr_line' id='line_1_24' title="bbox 196 3491 1185 3598; baseline -0.001 -28"><span class='ocrx_word' id='word_1_121' title='bbox 196 3493 419 3595; x_wconf 75' lang='lat' dir='ltr'>longitudo</span> <span class='ocrx_word' id='word_1_122' title='bbox 433 3494 664 3574; x_wconf 66' lang='lat' dir='ltr'>zlinearum.</span> <span class='ocrx_word' id='word_1_123' title='bbox 688 3495 841 3598; x_wconf 79' lang='lat' dir='ltr'>Corpus</span> <span class='ocrx_word' id='word_1_124' title='bbox 850 3491 1026 3568; x_wconf 87' lang='lat' dir='ltr'>nitidum.</span> <span class='ocrx_word' id='word_1_125' title='bbox 1055 3494 1185 3594; x_wconf 80' lang='lat' dir='ltr'>Caput</span> 
     </span>
     <span class='ocr_line' id='line_1_25' title="bbox 122 3609 1186 3718; baseline -0.006 -28"><span class='ocrx_word' id='word_1_126' title='bbox 122 3641 141 3690; x_wconf 88' lang='lat' dir='ltr'>a</span> <span class='ocrx_word' id='word_1_127' title='bbox 155 3615 276 3693; x_wconf 85' lang='lat' dir='ltr'>latere</span> <span class='ocrx_word' id='word_1_128' title='bbox 291 3616 414 3694; x_wconf 86' lang='lat' dir='ltr'>visum</span> <span class='ocrx_word' id='word_1_129' title='bbox 430 3615 733 3718; x_wconf 81' lang='lat' dir='ltr'>subglobosum,·</span> <span class='ocrx_word' id='word_1_130' title='bbox 746 3638 909 3716; x_wconf 85' lang='lat' dir='ltr'>superne</span> <span class='ocrx_word' id='word_1_131' title='bbox 924 3612 1046 3690; x_wconf 81' lang='lat' dir='ltr'>risum</span> <span class='ocrx_word' id='word_1_132' title='bbox 1060 3609 1186 3712; x_wconf 85' lang='lat' dir='ltr'>longi-</span> 
     </span>
     <span class='ocr_line' id='line_1_26' title="bbox 121 3732 1186 3838; baseline -0.003 -29"><span class='ocrx_word' id='word_1_133' title='bbox 121 3734 253 3812; x_wconf 85' lang='lat' dir='ltr'>tudine</span> <span class='ocrx_word' id='word_1_134' title='bbox 273 3735 353 3812; x_wconf 86' lang='lat' dir='ltr'>fere</span> <span class='ocrx_word' id='word_1_135' title='bbox 373 3736 493 3838; x_wconf 91' lang='lat' dir='ltr'>duplo</span> <span class='ocrx_word' id='word_1_136' title='bbox 517 3736 650 3825; x_wconf 86' lang='lat' dir='ltr'>latius,</span> <span class='ocrx_word' id='word_1_137' title='bbox 665 3732 778 3810; x_wconf 89' lang='lat' dir='ltr'>baud</span> <span class='ocrx_word' id='word_1_138' title='bbox 800 3733 946 3810; x_wconf 90' lang='lat' dir='ltr'>collum</span> <span class='ocrx_word' id='word_1_139' title='bbox 966 3757 1095 3808; x_wconf 84' lang='lat' dir='ltr'>versus</span> <span class='ocrx_word' id='word_1_140' title='bbox 1119 3757 1186 3806; x_wconf 88' lang='lat' dir='ltr'>an·</span> 
     </span>
     <span class='ocr_line' id='line_1_27' title="bbox 123 3850 1185 3956; baseline -0.004 -28"><span class='ocrx_word' id='word_1_141' title='bbox 123 3870 325 3956; x_wconf 83' lang='lat' dir='ltr'>gustatum,</span> <span class='ocrx_word' id='word_1_142' title='bbox 340 3855 438 3932; x_wconf 86' lang='lat' dir='ltr'>facie</span> <span class='ocrx_word' id='word_1_143' title='bbox 453 3855 551 3932; x_wconf 83' lang='lat' dir='ltr'>infra</span> <span class='ocrx_word' id='word_1_144' title='bbox 565 3871 746 3934; x_wconf 88' lang='lat' dir='ltr'>antennas</span> <span class='ocrx_word' id='word_1_145' title='bbox 754 3851 1044 3955; x_wconf 81' lang='lat' dir='ltr'>protuberante3</span> <span class='ocrx_word' id='word_1_146' title='bbox 1058 3850 1185 3954; x_wconf 80' lang='lat' dir='ltr'>pulpis</span> 
     </span>
     <span class='ocr_line' id='line_1_28' title="bbox 123 3970 1185 4086; baseline 0 -36"><span class='ocrx_word' id='word_1_147' title='bbox 123 3973 274 4054; x_wconf 81' lang='lat' dir='ltr'>albidis.</span> <span class='ocrx_word' id='word_1_148' title='bbox 311 3975 583 4086; x_wconf 81' lang='lat' dir='ltr'>Oculiorales.</span> <span class='ocrx_word' id='word_1_149' title='bbox 629 3977 834 4058; x_wconf 81' lang='lat' dir='ltr'>Anteunne</span> <span class='ocrx_word' id='word_1_150' title='bbox 850 3973 915 4052; x_wconf 78' lang='lat' dir='ltr'>&#39;rix</span> <span class='ocrx_word' id='word_1_151' title='bbox 933 3970 1083 4050; x_wconf 87' lang='lat' dir='ltr'>dimidii</span> <span class='ocrx_word' id='word_1_152' title='bbox 1100 3993 1185 4050; x_wconf 83' lang='lat' dir='ltr'>cor-</span> 
     </span>
    </p>
   </div>
   <div class='ocr_carea' id='block_1_7' title="bbox 0 0 1402 4638">
    <p class='ocr_par' dir='ltr' id='par_1_7' title="bbox 0 0 1402 4638">
     <span class='ocr_line' id='line_1_29' title="bbox 0 0 1402 4638; baseline 0 0"><span class='ocrx_word' id='word_1_153' title='bbox 0 0 1402 4638; x_wconf 95' lang='lat' dir='ltr'> </span> 
     </span>
    </p>
   </div>
  </div>
 </body>
</html>
