2788 4624
433 187 535 242 rau.
560 173 596 254 1,
624 187 745 242 annu.
772 193 808 243 v.
1078 173 1155 254 εδδ

499 353 741 431 Varietas:

168 499 202 572 1.
230 491 383 570 Puncta
410 488 500 570 albo
526 493 635 594 iufra
656 495 859 572 scutellum
878 491 1089 592 deficiente.
1120 493 1149 573 f.

83 657 137 672 -
155 616 363 692 Antenuae
391 611 561 688 articulis
591 615 755 690 12-16
775 637 887 714 supra
907 614 1016 690 albis.
1069 615 1151 694 Ab·

85 735 226 813 domen
258 723 406 838 petiolo
440 732 561 835 nigro,
616 731 776 808 Caetera
808 733 908 808 sicut
940 733 981 810 in
1010 733 1151 812 semina

83 841 262 958 genuina.
628 885 630 890 ·

159 977 244 1051 Hoc
263 972 502 1051 individuum
518 999 542 1051 a
556 971 760 1076 Scittsrted
779 997 900 1077 prope
913 973 1152 1079 Hirschberg

84 1093 202 1199 cepit.
1230 1099 1234 1108 '

175 1385 178 1392 .
339 1317 478 1392 Nota:

164 1451 345 1528 Feminae
358 1452 473 1554 hujus
488 1448 642 1554 speciei,
657 1451 901 1529 obstaturam
916 1469 1096 1532 antennas
1110 1472 1150 1534 et

84 1573 205 1678 pedes
232 1571 470 1674 graciliores,
502 1571 616 1648 facile
636 1597 707 1674 pro
725 1573 1041 1652 maribus‘haberi
1063 1604 1153 1683 pos-

85 1710 193 1785 sent,
226 1692 300 1774 nisi
328 1690 449 1769 forma
478 1691 568 1794 styli
596 1691 722 1770 brevis
751 1694 869 1770 analis
898 1698 1035 1772 exserti
1064 1725 1153 1801 pro-

82 1813 209 1904 buret,
238 1839 326 1889 eum
356 1811 485 1916 potius
517 1813 694 1890 aculeum
725 1837 808 1890 esse
847 1839 958 1917 quarn
987 1819 1154 1918 genitale

85 1934 312 2012 masculum.

380 2331 453 2397 137.
495 2319 523 2387 1.
544 2319 857 2388 MOTATORIUS.

293 2461 519 2560 antennarum
544 2489 668 2557 annulo
693 2503 727 2558 et
749 2491 851 2558 dorso
879 2493 1039 2581 segmenti
1074 2494 1156 2562 sexti

294 2593 395 2760 eligii&
430 2593 608 2761 {agmentis
645 2601 740 2668 1-3
783 2593 968 2660 femoribus
998 2594 1156 2683 tibiisque

293 2719 387 2762 rus.
446 2743 456 2763 .

167 2885 393 2987 longitudo
415 2888 570 2983 4-5½
602 2886 801 2964 linearum.
830 2953 835 2964 .
862 2891 995 2992 Caput
1015 2889 1161 2963 mandi-

91 3006 196 3083 bulis
212 3005 819 3109 interdumobscuroferrugineis.
871 3009 1164 3107 Antennuesrli-

92 3127 254 3217 formes,
288 3119 351 3204 vix
381 3126 530 3216 dimidii
559 3126 729 3230 corporis
763 3126 1019 3227 longitudine,
1055 3127 1164 3228 apice

94 3263 275 3322 curvatae
288 3260 354 3321 aut
367 3245 579 3336 involutae3
593 3247 756 3322 articulo
775 3257 793 3325 1
812 3247 920 3347 nigro
933 3246 1030 3322 infra
1042 3244 1166 3322 ferru-

95 3368 211 3468 gineo
240 3381 305 3441 aut
331 3365 435 3455 rufa,
470 3367 647 3457 asusco,
682 3372 796 3446 s-7
816 3366 879 3442 vel
899 3365 1166 3442 dilutecroceis

99 3486 162 3562 vel
189 3485 415 3586 ferrugineis
440 3486 502 3562 rel
528 3483 879 3588 ferrugineosuscis,
914 3492 1168 3564 8—12—13

101 3603 198 3680 albis
229 3604 490 3696 intraturis,
532 3607 776 3710 sequentihus
803 3603 932 3707 nigris.
1002 3603 1171 3706 Thorax

102 3723 352 3825 cylindricus.
389 3725 392 3732 ’
408 3727 623 3806 Scutellum
639 3727 779 3802 album.
821 3728 925 3804 Alae
940 3721 1174 3798 subsumato-

102 3843 283 3945 hyalinae
301 3861 367 3922 aut
386 3846 788 3947 subsilaceohyalinae,
816 3845 990 3948 stigmate
1009 3843 1177 3919 sordide-

101 3964 322 4057 straminea,
342 3965 450 4046 radio
472 3967 598 4044 radice
619 3979 659 4044 et
674 3965 871 4072 squamula
886 3963 1005 4069 piceis
1021 3979 1086 4040 aut
1098 3961 1178 4038 sus·

170 4099 259 4156 Ichu.
278 4099 454 4172 EuropPars
469 4101 494 4155 1.
835 4093 886 4166 23
