2764 4614
221 199 300 276 284
616 217 885 272 ronneomort

220 385 347 474 lusco,
374 380 531 486 posticis
557 380 678 460 maius
697 382 797 462 totis
809 382 928 488 nigris
950 400 1017 464 aut
1033 385 1151 466 luscis
1173 407 1289 492 snpra

222 504 396 606 infraque
422 503 613 593 eboriais,·
634 503 861 606 plerumque
883 503 1111 609 luscouigris
1139 511 1289 588 macula

221 625 340 704 barali
354 623 496 711 albida3
522 621 628 697 tibiis
640 622 776 699 albidis
790 639 856 699 aut
871 623 1037 704 eboriuis
1052 627 1161 731 apice
1176 629 1288 732 nigro

223 761 290 822 aut
316 745 442 832 fusco,
468 740 602 818 anticis
622 739 813 818 interdum
835 744 931 821 totis
957 747 1054 825 albis
1083 749 1146 827 vel
1171 750 1288 826 etiam

220 869 340 945 latere
354 865 477 942 altero
487 875 572 938 toto
592 859 719 952 furem
737 862 1131 946 summutantur-ibus
1147 869 1287 948 albidis

221 981 553 1085 autferrugineis,
579 981 979 1088 modiistplnrttmque
1001 999 1125 1092 ⁴supra
1153 988 1286 1082 fuscis,

220 1093 384 1212 posticis
407 1103 541 1192 luseisa
555 1097 740 1204 'sarmati
763 1101 974 1188 tenuibus
998 1107 1286 1188 anticioaltero

220 1230 341 1306 latere
355 1224 415 1300 vel
434 1238 518 1298 toto
532 1221 595 1297 vel
615 1237 761 1299 tantum
783 1223 930 1326 apicem
951 1253 1081 1304 versus
1107 1228 1285 1304 exalbido

220 1364 288 1425 aut
300 1339 664 1446 ferrugineoalbidos
689 1342 795 1419 tibiis
810 1342 924 1437 albis,
951 1346 1203 1424 anterioribus
1217 1374 1286 1425 er-

220 1483 330 1545 terne
350 1465 498 1566 apicem
514 1487 645 1538 versus
673 1462 809 1565 nigris,
836 1463 994 1566 posticis
1015 1465 1096 1542 basi
1117 1480 1157 1542 et
1173 1465 1284 1570 apice

220 1587 357 1690 nigris3
383 1582 492 1659 tarsis
507 1581 756 1658 anterioribus
772 1582 1145 1688 lusco-ferrugineis,
1161 1586 1283 1689 posti-

218 1707 273 1783 cis
289 1701 416 1808 nigris.
439 1700 818 1782 Abdomentemtuae
832 1704 1283 1806 nigrocoerulescens,in-

217 1827 367 1906 terdum
381 1847 526 1900 summo
541 1821 709 1924 margine
727 1838 1006 1924 segmentorum
1022 1826 1280 1902 subcastaneo.

294 1947 418 2022 Mares
440 1943 592 2047 quidam
613 1939 714 2044 capti
737 1951 825 2020 suut
845 1942 946 2026 circa
964 1943 1225 2024 Wormbruun
1241 1961 1282 2022 et

219 2067 467 2166 Gottingom,
493 2087 563 2140 nec
584 2086 662 2137 non
679 2061 718 2138 in
732 2066 856 2141 Italic
870 2078 910 2141 et
921 2066 1093 2152 Fenni03
1116 2065 1281 2142 feminae

218 2186 425 2264 nonnullae
452 2183 553 2259 circa
571 2180 812 2286 Hirsclaherg
829 2196 869 2261 et
888 2183 1037 2266 Holom
1059 2186 1277 2265 Soaeonum.

614 2406 889 2506 synonyma:

214 2543 323 2622 lehn
337 2544 503 2648 pollipes
515 2539 707 2620 Graveub.
721 2532 939 2622 Pedemont.
956 2572 992 2622 n.
1008 2555 1072 2628 22.

508 2909 565 2974 aa.
606 2895 636 2966 1.
658 2875 980 2969 vusrurrmns

358 3107 360 3114 ‹
434 3065 608 3134 Tibiarum
633 3068 840 3136 semiannulo
868 3068 960 3146 albo.
1007 3093 1053 3140 m.

287 3262 457 3339 Statura
484 3274 524 3337 et
549 3258 749 3365 proportio
782 3263 949 3368 partium
977 3262 1090 3342 maris
1118 3287 1274 3366 praece-

210 3381 347 3458 dentis.

286 3501 586 3602 Largitudodss,
606 3501 805 3581 linearum.
839 3501 1143 3607 Aloelryaliuae,
1164 3501 1274 3609 a'piee

208 3621 441 3713 subiumatO,
465 3623 640 3727 stigmate
665 3623 771 3700 radio
790 3625 916 3702 radice
938 3641 978 3702 et
998 3625 1194 3730 aquamola
1214 3625 1273 3700 ni-

208 3741 296 3842 gris.
351 3741 474 3818 Pedes
489 3741 606 3816 antici
625 3742 833 3820 semoribus
852 3746 983 3821 subtus
1000 3745 1109 3849 apice
1123 3744 1272 3820 albido-

203 3858 433 3963 ferrugiueo‚
455 3858 562 3935 tibiis
577 3861 710 3938 subtus
724 3864 872 3954 albidis,
893 3865 1038 3969 apicem
1053 3893 1183 3944 versus
1194 3868 1272 3944 ler-

205 3979 391 4084 rugiueis3
404 3979 634 4082 posteriores
647 3982 753 4064 tibiis
767 4001 921 4064 externe
934 4003 1022 4064 ante
1036 3986 1144 4063 basin
1157 3987 1266 4078 albis.
