2758 4638
162 183 166 194 '
285 209 554 263 renneumoa
579 210 679 261 ιιιι.
708 197 744 262 v.
775 185 998 264 ιιιιιίιιιι.
1093 189 1171 270 665

189 853 356 970 Corpus
353 875 517 958 parvum
537 847 832 951 aitiouutasre.
845 886 899 913 -ι-
913 853 1043 956 Caput
1056 852 1173 932 breve

108 986 376 1051 manaveraurn
403 1013 457 1032 -
478 974 596 1054 Oculi
618 971 745 1048 uvales
770 969 990 1076 prominuli.
1014 1015 1068 1032 -
1088 975 1173 1050 Αιι

109 1103 248 1170 lernae
267 1091 486 1184 mediocres,
512 1083 779 1238 porrecpae
754 1092 942 1170 interdum
964 1093 1073 1196 apice
1088 1115 1174 1170 eur

109 1228 232 1290 ratae.
257 1255 313 1272 -
333 1212 543 1294 Auteuao'e
562 1229 602 1292 et
627 1218 710 1292 orr's
731 1230 866 1317 portes
890 1215 1101 1292 accuratius
1125 1212 1174 1291 ad

111 1332 303 1436 Stilpnunn
339 1349 507 1438 gagatem
535 1334 749 1438 descriptae
780 1345 880 1408 sunt.
919 1375 974 1394 -·
1004 1335 1175 1412 Thorax

111 1452 302 1555 gibbulus.
330 1495 384 1514 -
408 1457 639 1536 Scutellum,
657 1481 896 1545 convexum,
924 1453 1173 1558 triangulare,

110 1572 221 1675 apice
244 1576 394 1652 obtuso.
406 1577 766 1692 ffiffla‘ffiatlplael
791 1575 916 1652 areola
938 1575 1175 1680 quinquean-

112 1693 254 1795 gulari‚
288 1697 429 1776 cellula
455 1697 643 1776 exteriore
671 1697 919 1800 incompleta,
958 1696 1064 1774 nervi
1089 1695 1173 1797 ejus

113 1813 308 1916 inferioris
323 1816 495 1920 ,uestigio
520 1833 666 1904 tanturn
695 1817 888 1919 perbrevi,
928 1817 975 1892 ad
995 1816 1173 1918 angulum

115 1934 312 2010 lateralem
328 1937 551 2014 exteriorem
566 1937 729 2027 areolae,
757 1937 974 2042 conspicuo.
988 1935 1176 2034 —Pedes

115 2052 285 2158 graciles,
313 2056 551 2160 longitudine
564 2055 756 2133 mediocri.
772 2056 1036 2135 -Abdomen
1051 2054 1176 2158 petio-
1303 2141 1304 2146 η

114 2177 251 2266 latum,
278 2178 472 2280 plerisque
489 2177 724 2283 depressum,
751 2175 1017 2252 nitidissimum
1037 2174 1177 2251 laevia·

115 2297 267 2388 simum,
288 2295 437 2398 capitis
463 2297 709 2402 thoracisque
736 2295 990 2402 longitudinm
1023 2293 1174 2372 leminis

115 2417 195 2496 iere
223 2419 493 2510 orbiculatum,
532 2419 687 2496 thorace
713 2419 846 2509 latius,
885 2415 1073 2494 interdum
1106 2413 1176 2490 ob·

115 2537 395 2642 longoovatum,
422 2539 587 2618 thoracis
606 2540 808 2618 latitudine
827 2553 893 2616 aut
913 2563 959 2615 eo
979 2537 1094 2642 paulo
1108 2562 1176 2611 an-

116 2660 277 2762 gustiam
315 2660 481 2738 maribus
511 2659 727 2752 lusilorme,
767 2659 923 2737 thorace
962 2655 1175 2760 augustiam

117 2795 310 2881 segmento
331 2781 456 2884 primo
476 2781 634 2886 reliquis
654 2782 777 2857 multo
798 2779 1028 2883 augustiore,
1056 2775 1176 2852 subli-
1226 2867 1229 2874 Ι

75 2895 80 2904 ’
117 2901 219 2978 nearr'
241 2927 307 2978 aeu
327 2915 435 3006 parte
453 2901 573 2977 antica
596 2901 712 3005 paulo
725 2903 982 3003 latiorequam
998 2895 1175 3002 petiolas,

116 3018 329 3099 tuberculis
346 3021 564 3098 lateralibus
581 3037 668 3098 ante
681 3021 847 3098 medium
870 3019 965 3095 sitis.
1005 3017 1178 3096 Aculeus

118 3141 360 3218 absconditus
390 3157 456 3218 aut
476 3143 726 3218 subeasertua.

193 3263 296 3339 llaec
316 3261 459 3338 familia
480 3262 759 3368 adpropinquat
773 3257 819 3336 ad
835 3256 1012 3364 quasdam
1032 3255 1178 3361 species

117 3381 281 3460 minores
303 3385 540 3487 Cryptorum
572 3399 612 3460 et
638 3379 1001 3486 Phygudcuontium
1030 3379 1179 3482 (somi-

119 3505 260 3585 b'urum
280 3512 307 3584 2
329 3519 367 3581 et
388 3505 685 3608 SCryptorum)
713 3529 746 3578 e.
763 3528 797 3604 g.
822 3502 868 3575 ad
884 3503 1074 3606 Cryptum
1088 3496 1181 3575 hor-

119 3627 292 3702 tulanum
307 3637 347 3700 et
362 3625 565 3727 apiculam,
577 3636 616 3700 et
628 3619 675 3698 ad
690 3621 1031 3728 Phygadeuontem
1040 3619 1180 3721 suma-

121 3761 255 3834 torem‚
280 3742 417 3848 quibus
439 3769 592 3846 quoque
608 3767 743 3818 nervus
766 3743 923 3820 inferior
937 3738 1100 3816 cellulae
1115 3763 1180 3814 ex-

121 3861 267 3942 terioris
296 3861 516 3967 pergracilis
556 3862 800 3966 (quibusdam
828 3858 1033 3936 individuis
1061 3855 1177 3959 Phyg.

122 3981 315 4063 inmaturis
343 3983 423 4063 iere
445 3983 594 4086 nullus)
622 3993 698 4072 est;
734 3981 804 4060 hae
827 3981 972 4087 species
999 3977 1180 4058 differunt
