2794 4624
224 187 303 274 ete
621 205 906 262 renneumou·

223 371 394 452 Thorax
418 369 613 474 gibbulus,
648 385 793 474 puncto
815 369 902 461 albo
921 387 1009 450 ante
1037 372 1127 451 alas.
1188 377 1293 454 Alce

223 491 626 593 sublumatohyalinae,
654 492 827 594 stigmate
841 491 950 569 lusco
960 507 1027 570 aut
1037 495 1160 598 picco,
1183 496 1292 574 radio

222 612 350 690 radice
378 627 417 690 at
445 612 640 715 squamula
668 612 803 715 nigris,
837 611 909 690 bac
934 613 1125 691 interdum
1145 633 1293 719 punctu

223 733 370 824 albid03
397 733 617 810 areolafere
635 731 870 833 triangulari.
923 735 1046 814 Pedes
1059 736 1292 826 mediocrem
1378 753 1379 842 ]

223 854 429 932 anteriores
456 852 520 930 vel
547 853 637 944 rufi,
680 853 785 942 curis
813 869 853 934 et
879 854 1183 944 troebanteribus
1220 884 1293 936 nee
1378 843 1379 864 ³

223 999 300 1050 nen
339 973 525 1050 femorum
558 973 769 1050 mediorum
806 975 888 1053 basi
920 976 1054 1079 nigris3
1080 976 1144 1053 vel
1176 977 1290 1080 nigri,

221 1093 431 1173 semoribus
458 1083 642 1196 tibiist'pne
658 1095 790 1178 subtus
812 1095 1042 1188 stramineis,
1070 1095 1149 1175 illis
1172 1095 1293 1188 inter-

221 1213 311 1290 dum
338 1214 446 1318 apice
476 1215 558 1290 solo
586 1213 887 1292 summeurae
906 1216 1143 1319 ferrugine0,
1176 1243 1292 1320 supra

220 1335 393 1439 apicibus
415 1334 569 1426 summis
590 1333 778 1412 semorum
792 1335 973 1413 tibiarum
984 1350 1025 1424 ct
1038 1337 1291 1421 articulorum

107 1451 109 1456 ’
220 1454 515 1532 luscescentium
527 1469 711 1530 tarsorum
724 1454 959 1559 ferrugineis,
977 1455 1083 1544 tibiis
1097 1456 1290 1535 interdum

221 1601 333 1677 supra
353 1575 444 1650 totis
465 1573 817 1675 luscolcrrugineis,
843 1575 952 1679 apice
974 1592 1013 1653 et
1028 1575 1109 1668 basi
1130 1577 1290 1680 quibus·

222 1695 308 1769 dum
322 1693 526 1770 individuis
541 1692 817 1797 pallidioribus,
832 1694 1039 1773 femoribus
1053 1696 1187 1773 mediis
1201 1718 1289 1770 raro

217 1813 299 1890 fere
317 1813 410 1889 totis
433 1813 566 1914 nigris3
594 1813 733 1917 postici
756 1815 872 1918 nigri,
899 1814 1005 1892 tibiis
1028 1817 1090 1894 vel
1111 1815 1203 1892 totis
1227 1815 1289 1892 ni·

220 1936 315 2038 gris,
342 1935 404 2010 vel
423 1933 530 2009 basin
554 1960 684 2010 versus
702 1936 945 2038 ferrugineis,
973 1936 1038 2012 vel
1058 1935 1286 2040 ferrugineis
1378 1947 1379 1950 ’

219 2055 328 2157 apice
342 2054 461 2156 nigre,
474 2054 584 2129 tarsis
599 2052 932 2158 luscolerrugineis
947 2071 1013 2132 aut
1024 2056 1151 2148 luscis,
1164 2057 1288 2133 semo-

216 2175 321 2252 ribus
342 2175 530 2251 interdum
553 2175 651 2250 intra
672 2176 869 2253 castaneis.
922 2176 1126 2257 Abdomen
1147 2177 1286 2253 oblon-

216 2311 436 2399 goovatum,
478 2295 842 2397 depressiusculnm,
876 2294 1032 2373 thorace
1060 2296 1180 2401 duplo
1203 2296 1284 2375 fere

215 2415 367 2516 longius
387 2429 428 2491 et
444 2417 559 2519 paulo
580 2416 790 2517 angustius,
819 2417 1067 2495 subtilissime
1082 2417 1284 2494 etconler-

216 2536 362 2612 tissime
390 2550 593 2636 punctum
629 2551 823 2636 segmento
846 2547 865 2616 1
888 2536 1002 2615 lincis
1030 2538 1174 2616 duabus
1203 2538 1283 2614 ele·

214 2655 330 2744 vatis,
364 2653 558 2736 subtiliter
585 2656 787 2757 rugulusu,
828 2656 952 2760 nigro,
987 2660 1108 2735 rarius
1138 2673 1281 2763 puncto

216 2773 355 2850 dorsali
377 2775 598 2878 sanguinem
626 2783 650 2853 2
672 2775 779 2850 basin
799 2803 929 2853 versus
951 2779 1197 2855 subtilissime
1219 2806 1281 2854 ru-

215 2895 365 3000 gulusu,
389 2895 475 2971 rulo
492 2894 786 2984 autrnbricos03
815 2885 929 2975 3-'6
945 2899 1071 3001 nigris,
1098 2899 1279 2976 lateribus

214 3033 255 3094 et
279 3015 447 3115 margine
483 3015 637 3118 spiculi,
672 3016 808 3093 latiore
832 3018 896 3095 vel
923 3020 1154 3120 angustiore,
1189 3020 1279 3096 rufis

212 3153 279 3214 aut
299 3135 521 3226 rubricosis;
549 3145 573 3215 7
594 3149 677 3210 toto
697 3137 783 3212 rulo
806 3152 871 3212 aut
892 3137 1101 3215 rubricoso.

291 3257 484 3362 Quaedam
507 3255 713 3346 individua,
741 3255 782 3332 in
801 3257 1017 3360 Hercynia,
1043 3284 1163 3362 prope
1183 3257 1280 3337 Got-

211 3383 359 3479 tingam
380 3376 480 3456 etin
499 3377 665 3454 Austris
685 3392 814 3480 capta,
842 3376 984 3479 accepi.

593 3683 888 3760 varietates:

287 3862 318 3934 1.
346 3849 565 3932 Abdomtne
583 3859 718 3957 nigro;
741 3871 934 3957 segmento
955 3863 979 3933 7
999 3881 1069 3934 nec
1089 3883 1164 3934 non
1181 3857 1281 3948 latef

208 3973 315 4054 ribus
341 3989 621 4076 segmentorum
648 3981 673 4058 4
700 3991 740 4056 at
765 3979 791 4058 5
814 3974 1197 4058 obscurorubrieosr'n
1223 4019 1280 4040 -
