2654 4614
1108 231 1147 284 tx

88 397 194 479 firmis
216 409 261 478 et
289 392 465 474 definitis
495 391 664 498 disjungi
695 405 873 498 possunt,
913 391 980 478 sed
1007 392 1147 474 nnsi-

89 537 295 638 tent-que
318 534 424 612 inter
443 557 486 610 se
503 546 711 618 transeunt.
766 533 892 631 Quum
906 547 1086 612 noeunte
1106 547 1147 610 et

90 673 319 778 senpulose,
346 671 390 748 in
409 669 667 752 examinandis
681 685 721 746 et
733 669 988 748 describendis
1004 669 1150 774 speeie-

23 886 28 894 ,
90 811 165 902 lu,
202 808 381 916 pet-tium
411 805 584 884 omnium
615 807 784 910 corpoeis
809 833 939 888 essum
962 807 1150 886 rationem

91 949 192 1027 siun
204 945 349 1038 bubni,
378 969 493 1046 saepo
505 957 631 1022 tumen
644 943 757 1022 dubis
772 959 1040 1036 remanserunt,
1060 973 1151 1024 num

92 1085 281 1198 individua
307 1081 548 1172 eonsooistn,
580 1081 612 1158 si
634 1083 829 1160 nonnullis
856 1085 956 1161 uotis
980 1082 1082 1160 iuter
1108 1109 1150 1161 se

90 1223 365 1327 &neptunus
390 1245 436 1298 rs
451 1243 541 1298 vers
554 1242 707 1325 quoque
723 1220 771 1296 sd
789 1247 901 1297 uuum
919 1219 1151 1324 eundemque

90 1362 252 1464 pmien
262 1355 490 1460 adigendo,
519 1381 656 1436 eumve
676 1356 717 1434 in
736 1356 829 1436 dues
841 1373 905 1436 sut
919 1356 1049 1462 plures
1067 1383 1154 1460 spe-

92 1493 581 1601 dssdisposeeudsesseut.
632 1493 705 1570 llio
723 1509 850 1574 sutem
863 1507 995 1572 nutum
1008 1493 1050 1569 in
1062 1519 1156 1598 ope·

91 1635 187 1712 tibus
203 1635 291 1712 suis
310 1629 590 1740 penmultiplex
609 1645 678 1722 est,
705 1659 805 1712 nnoo
824 1631 1030 1712 seeundum
1050 1633 1155 1735 leges

92 1787 307 1850 muetos
323 1785 366 1848 et
383 1769 482 1848 intro
498 1766 643 1846 limites
666 1769 841 1848 delinitos
862 1797 992 1850 cresus
1018 1785 1057 1848 et
1081 1771 1154 1846 fin·

94 1933 190 2011 pus,
204 1935 312 1986 nuno
324 1907 365 1984 iu
380 1905 625 1984 varietatibus
638 1905 997 2000 innumerabilibus,
1016 1909 1155 1986 sensim

93 2045 308 2148 sensimque
327 2043 536 2122 immutatis
558 2057 683 2120 etune
705 2043 746 2122 iu
761 2047 917 2122 alteram
929 2043 1157 2122 transeunti·

97 2179 178 2273 δν,
191 2183 306 2286 qussi
322 2181 467 2286 legibus
485 2180 621 2258 solutis
635 2179 930 2283 eieeumsogons.
971 2181 1044 2256 llio
1060 2205 1157 2284 quo·

96 2345 165 2422 que
182 2335 249 2398 est
270 2319 334 2397 uhi
355 2331 585 2396 montom
599 2333 773 2408 natusne,
806 2317 955 2396 ratione
979 2333 1018 2396 et
1044 2315 1159 2394 modo

97 2455 246 2558 speudi,
271 2453 520 2536 diversissimi
547 2481 586 2534 se
617 2457 818 2560 praebentz
852 2471 1024 2534 suctores
1057 2453 1159 2532 enim

98 2592 206 2670 sslde
223 2595 457 2698 scrupulosi,
483 2593 549 2697 qni
571 2593 806 2672 diversitates
833 2593 1017 2672 laesiones
1037 2591 1160 2695 respi-

100 2727 212 2819 eiunt,
233 2732 363 2834 plures
377 2745 511 2810 neunt
522 2730 681 2835 speeies,
704 2755 798 2835 quos
820 2730 899 2821 ulii,
925 2729 1158 2806 differentias

103 2869 425 2970 semproniensis
438 2851 810 2959 laevitashalientes,
824 2868 984 2945 inunum
994 2867 1160 2970 speeiem

104 3003 326 3098 consociant,
348 3009 486 3084 seriem
505 3007 656 3108 longum
670 3021 736 3082 out
755 3007 884 3110 plures
905 3005 1021 3083 series
1040 3003 1163 3082 varie·

104 3153 218 3218 tslsm
235 3143 501 3246 producentes,
520 3167 679 3246 quarum
700 3143 853 3247 quidem
874 3141 1161 3232 remotissimos,

106 3275 149 3350 sd
161 3277 248 3356 fines
261 3278 445 3358 seriorum
459 3279 616 3382 positae,
638 3279 838 3358 admodum
853 3279 1006 3360 intense
1019 3277 1164 3354 disere-

106 3437 189 3514 psre
202 3417 336 3494 solent.
374 3417 471 3494 Sunt
483 3418 638 3520 speeies,
653 3445 750 3523 quse
765 3441 972 3520 uunquam,
985 3429 1051 3489 sut
1064 3413 1165 3490 uotis

109 3565 244 3630 tuntum
264 3553 503 3644 laetissimis,
525 3555 680 3644 variant,
703 3553 875 3656 quamvis
890 3549 1083 3626 individuo
1104 3577 1167 3627 es-

106 3717 182 3768 rum
196 3692 348 3796 ubique,
360 3693 401 3768 iu
414 3689 633 3794 regionibus
641 3689 915 3779 remotissimis,
931 3687 1042 3792 copis
1057 3689 1166 3768 valdo

107 3831 457 3934 numerose-degant
480 3829 534 3928 (e.
551 3855 587 3930 g.
614 3829 721 3906 lehn.
738 3829 995 3930 semitonius),
1019 3854 1105 3906 oum
1125 3829 1168 3906 in

105 3963 226 4048 uultis
241 3967 327 4050 eliis
344 3964 598 4076 spaniorum
618 3965 858 4048 individuum
877 3966 1056 4072 quodque
1076 3965 1169 4072 plus
