2788 4624
240 157 316 232 882
633 173 900 224 rannnumou
1375 143 1376 198 ³

238 339 462 416 rufescente.
530 339 736 416 Antannne
766 336 927 413 articulo
963 345 983 416 1
1019 339 1150 416 subtus
1183 341 1296 419 flavo.

235 460 406 536 Thorax
422 457 522 534 linea
537 459 694 534 saturali
713 474 799 534 ante
813 459 908 548 alas,
935 457 1080 534 lineola
1094 459 1189 536 infra
1206 462 1296 553 alas,
1375 493 1376 526 t

237 581 460 682 plerumque
477 576 617 654 lineola
633 577 729 651 infra
742 578 955 686 scutellum,
977 579 1095 656 flavis.
1143 582 1299 659 Scutel-

1375 699 1376 772 i

237 705 316 779 lum
335 701 483 806 flavum.
536 697 986 799 Alneiumatohyalinae,
1015 698 1187 800 stigmate
1207 701 1296 774 ruso

235 837 301 896 aut
314 819 431 908 fusco,
453 805 559 894 radio
574 817 692 907 fusco,
711 818 837 893 radice
853 817 960 921 picea
978 833 1043 892 aut
1055 821 1160 910 flava,
1185 846 1301 924 sque·
1375 817 1376 862 i

236 941 339 1018 mula
358 939 462 1040 nigra
483 938 671 1014 interdum
691 939 799 1040 apice
816 938 1042 1014 rufescente.
1096 939 1218 1017 Pedes
1230 967 1299 1015 an-

234 1059 392 1136 teriores
426 1058 532 1145 flavi,
571 1057 651 1132 basi
685 1084 879 1148 coxarum,
919 1056 1108 1134 interdum
1141 1086 1298 1162 quoque

236 1207 379 1256 summa
417 1178 497 1252 basi
536 1177 719 1253 femorum
759 1194 798 1255 et
827 1177 1127 1266 trochant'erum,
1170 1179 1297 1279 nigra,

233 1300 375 1402 postici
391 1297 504 1398 nigri,
532 1297 635 1372 coxis
655 1299 800 1373 uincula
825 1299 962 1401 apicali
984 1299 1187 1388 albicante,
1215 1315 1298 1372 tro-

236 1419 477 1496 chanteribus
501 1417 608 1518 apice
628 1417 730 1506 rusa,
759 1418 963 1494 semoribus
987 1419 1175 1492 interdum
1189 1417 1299 1518 geni·

235 1540 324 1616 culo
340 1562 483 1614 summo
496 1538 592 1628 rufo,
619 1536 724 1612 tibiis
739 1539 856 1628 flavis,
883 1539 991 1640 apice
1004 1555 1043 1614 et
1056 1564 1198 1614 summa
1213 1535 1296 1612 basi

236 1657 369 1758 nigris,
397 1659 508 1733 tarsis
529 1658 650 1732 dilate
671 1657 779 1746 rufis,
807 1658 953 1760 apicem
969 1685 1096 1734 versus
1113 1673 1155 1732 ut
1171 1655 1297 1757 pluri·
1375 1691 1376 1702 ¹

235 1805 338 1854 mum
371 1776 497 1853 fuscis.
556 1775 758 1854 Abdomen
792 1779 992 1880 segmentis
1024 1784 1140 1856 a-t
1173 1776 1291 1864 ssavis,

233 1897 352 1972 rarius
367 1896 488 1972 dilate
502 1894 611 1984 rufis,
637 1921 788 1999 semper
800 1914 924 1973 autem
939 1899 1106 2000 margine
1119 1899 1205 1999 plus
1222 1895 1295 1970 mi·
1375 1883 1376 1974 Ῑ

233 2042 306 2094 nus
337 2017 452 2118 nigris
486 2031 753 2120 praetereaque
792 2035 934 2120 puncto
967 2019 1109 2105 medio,
1149 2016 1294 2116 majore

235 2137 446 2226 minoreve,
479 2136 692 2240 marginali,
722 2137 851 2239 nigro,
885 2138 1128 2240 sequentibus
1163 2135 1293 2237 nigris,
1375 2193 1376 2196 ,

234 2256 567 2356 Jmffloemffl
1375 2331 1376 2348 ἦ

310 2373 434 2448 Mares
459 2389 563 2464 tres,
580 2375 677 2452 circa
699 2379 843 2481 Netley
862 2379 997 2466 lectos,
1025 2375 1137 2479 Hopa
1163 2375 1209 2450 ad
1230 2397 1292 2450 me

233 2492 354 2580 misit3
388 2511 563 2594 quartum
596 2495 677 2597 ipse
709 2498 811 2598 cepi,
851 2495 961 2570 initio
993 2496 1169 2597 Augusti,
1204 2521 1291 2568 cum

232 2613 339 2690 Jahn.
357 2616 601 2714 trisaseioto,
629 2641 746 2717 prope
763 2619 816 2692 W
815 2614 1044 2704 armorunn,
1072 2616 1186 2716 idque
1208 2639 1290 2714 seg-

231 2733 368 2810 mentis
394 2739 515 2810 a-t
536 2733 657 2809 dilute
684 2737 790 2828 rufis,
818 2733 985 2836 margine
1012 2735 1129 2836 magis
1158 2736 1290 2809 colore

232 2852 339 2953 nigro
361 2852 528 2929 imbutis.
635 2943 638 2948 Ι
684 2873 688 2881 “

616 3159 905 3239 varietates:

310 3337 343 3408 1.
377 3329 581 3432 Segmento
607 3341 631 3410 7
660 3347 743 3408 toto
772 3340 895 3432 nigro.
922 3349 981 3408 m:
1006 3375 1059 3390 --
1088 3331 1293 3410 Abderiten

229 3449 432 3552 segmentis
460 3461 545 3530 2et
571 3463 595 3531 8
620 3468 663 3527 ut
691 3453 730 3528 in
755 3452 883 3554 specie
908 3453 1090 3555 genuina,
1118 3457 1142 3530 4
1165 3467 1292 3528 autem

230 3571 329 3647 linea
346 3572 612 3674 longitudinali
634 3572 773 3648 dorsali
791 3575 912 3674 nigra,
939 3572 1133 3674 utrimque
1146 3587 1292 3673 puncto

230 3690 370 3766 dorsali
389 3693 514 3793 nigro,
542 3691 700 3794 reliquis
721 3692 812 3768 totis
831 3691 960 3794 nigris.
988 3733 1042 3750 -
1067 3692 1226 3770 Caetera
1248 3703 1293 3765 ut

230 3809 273 3886 in
294 3810 420 3912 specie
439 3811 613 3913 genuina.

222 4011 226 4018 ,
305 3932 429 4006 Unum
453 3957 593 4012 marem
608 3933 725 4038 ¹Hope
746 3935 851 4038 cepit
869 3931 970 4013 circa
989 3931 1143 4035 Netley.
