2794 4624
221 175 299 260 582
621 175 891 254 toautonon

186 361 626 470 ,cyliadtieogibbulaa
693 351 1087 453 Aiae'suhiuinaiae3·
1112 356 1296 465 stigmate
1389 350 1390 368 ‘

226 487 338 592 piceo
361 475 428 560 aut
447 481 745 575 ausoautiasco,
771 475 1137 573 radio'fusseseente,
1151 476 1298 560 'radice

228 604 447 696 straminea,-
474 605 669 708 squamnla
684 603 885 682 straminea
906 621 971 682 aut
984 605 1093 712 picea
1112 618 1181 681 aut
1194 601 1294 678 ruia.

229 715 352 806 Pedes
370 726 459 814 rufi,
486 725 624 828 postici
646 723 750 799 coxis
776 724 906 801 subtus
921 726 1034 804 dente
1048 749 1166 826 parvo
1180 737 1296 798 acuto

230 847 400 937 armatis,
424 835 611 924 femorum
629 843 886 948 tibiarumque
900 847 1009 948 apice
1028 843 1153 946 nigro;
1178 843 1299 920 inter-

229 969 322 1047 dum
340 957 445 1042 coxis
466 981 506 1042 et
523 962 828 1042 trochanteribus
842 963 979 1040 anticis
991 963 1295 1043 flavescentibus.

229 1081 433 1170 Abdomeu
459 1085 594 1188 capitis
613 1083 856 1187 thoracisque
877 1084 1116 1186 longitndine
1141 1099 1182 1159 st
1209 1083 1300 1160 lati-

230 1206 382 1286 tadinet
417 1219 611 1308 segmento
635 1213 654 1284 1
680 1201 783 1294 rufo,
817 1204 1042 1308 plerumque
1062 1203 1210 1306 petiolo
1233 1202 1299 1280 vel

228 1341 317 1404 toto
343 1325 407 1402 uel
427 1323 610 1424 solacius
639 1323 719 1400 basi
748 1323 873 1426 nigro,
907 1322 1027 1400 rarius
1055 1322 1163 1426 nigro
1190 1322 1301 1425 apice

234 1445 339 1536 rui03
365 1433 469 1524 244
483 1445 585 1535 rufis,
613 1443 839 1524 iinterdam
856 1444 1024 1545 margine
1039 1443 1158 1544 nigro.
1192 1445 1301 1525 Acu-

234 1570 318 1656 leus
335 1563 580 1642 brevissimus
605 1563 855 1644 subexsertua.
1063 1556 1068 1584 ³

312 1681 511 1760 individua
552 1685 752 1788 quaedam,
803 1683 904 1764 circa
944 1685 986 1764 V
984 1681 1214 1764 iudobonam
1260 1696 1301 1760 et

240 1801 504 1886 Warmbrunu
524 1819 650 1908 capta,
676 1804 772 1881 mihi
787 1796 1003 1882 transmissa
1019 1818 1120 1880 sant.
1173 1803 1298 1879 Unum

237 1951 261 2006 e
299 1925 506 2004 Lusitania
544 1923 625 2004 vidi
663 1924 705 2006 in
735 1949 867 2004 museo
899 1915 1063 2006 comitis
1100 1921 1150 2004 aa
1178 1917 1303 2028 Hoff-

240 2034 488 2150 tatatanaegg.¹

510 2247 514 2254 ’
627 2267 914 2344 Varietates:

323 2412 355 2482 1.
382 2404 587 2502 Segmento
618 2411 744 2507 primo
778 2420 816 2482 et
840 2407 994 2484 ‘ultimis
1024 2407 1155 2503 nigris.
1186 2399 1216 2480 f.
1251 2443 1303 2462 -·

243 2527 373 2626 Caput
387 2521 575 2598 interdum
588 2523 715 2626 clypei
731 2524 878 2598 macula
890 2521 993 2598 fulva
1007 2536 1073 2596 aut
1088 2522 1301 2600 straminea.

243 2641 527 2721 Trachaateres
559 2643 675 2722 medii
712 2643 902 2722 interdum
927 2640 1154 2720 flavicantes.
1220 2643 1304 2722 Aa

244 2762 382 2848 damen
399 2764 600 2862 segmentis
619 2765 822 2850 a-‚-4-5
835 2765 937 2853 rufis,
966 2763 1190 2844 iinterdum
1204 2787 1303 2838 mar-

242 2883 330 2987 gine
357 2881 577 2984 nigricante.
599 2924 652 2943 ·-
672 2883 830 2964 Caetera
856 2909 944 2961 cum
971 2882 1113 2964 femina
1139 2883 1304 2986 genuina

241 3001 486 3088 conveniunt.

187 3115 188 3118 Ὺ
317 3121 516 3202 Indiuidua
536 3123 730 3224 quaedem,
758 3121 858 3201 circa
870 3123 1014 3229 Netley
1030 3123 1073 3203 V
1070 3120 1304 3204 indabanam

233 3257 282 3326 ‚et
301 3243 475 3321 Genuam
496 3257 624 3352 capta,
651 3244 795 3346 accepi.

317 3491 353 3564 Ω.
380 3481 587 3583 segmento
611 3491 738 3589 primo
765 3499 804 3562 at
823 3485 993 3572 ultimis,
1024 3509 1093 3561 nec
1118 3511 1196 3562 nan
1217 3481 1303 3562 basi

239 3629 451 3693 coxarum,
479 3612 611 3706 nigris.
639 3604 665 3686 f.
686 3648 740 3663 -
761 3601 964 3682 Abdoman
985 3621 1180 3707 segmento
1202 3613 1222 3684 1
1241 3603 1302 3680 ai-

238 3747 306 3828 gro
324 3724 492 3828 margine
510 3725 613 3816 rufo,
640 3731 755 3811 a-4
774 3725 882 3815 rufis,
910 3723 1036 3804 crufo
1056 3725 1164 3827 apice
1179 3725 1300 3826 aigm,

237 3843 641 3954 sequentihus'nigris.
677 3891 730 3912 ·-
760 3845 920 3928 Caetera
951 3843 1052 3929 sicat
1083 3845 1126 3925 in
1158 3843 1301 3924 icmina

237 3965 409 4065 genuina.
512 3961 526 3998 ‘
