2792 4626
241 200 317 288 tit
535 225 540 236 ·
638 215 910 280 suasanus!

316 396 352 472 ἓ.
366 379 517 471 orbitis
531 393 729 470 oculorum
746 396 920 480 internis,
934 383 1115 494 lineisque
1128 389 1323 471 thoracis

239 511 448 618 (iniemian
458 511 618 613 genuina
632 509 747 611 albis)
757 511 1015 612 ferrugineis,-
1025 514 1187 589 seutella
1200 515 1319 614 rufo.

83 699 84 704 ,
241 661 246 670 ·
319 631 460 709 Ambae
474 631 1125 720 varietatespcneterisoumfemina
1139 631 1318 734 genuina

237 763 507 855 oongruentes,
533 773 654 855 prope
678 751 828 856 Niesky
846 761 1099 853 sapuerunt.

628 972 910 1073 Synonymar

237 1107 349 1188 isin.
368 1099 526 1190 sedulus
540 1105 732 1185 Grauenh.
754 1107 923 1197 ossen,
952 1130 989 1183 u.
1010 1113 1085 1186 ⁸1..

237 1228 349 1309 lehn
367 1233 624 1308 similatortns
644 1229 823 1332 Trentep.
845 1228 886 1302 in
907 1227 1007 1302 Iside
1029 1233 1131 1307 mn
1150 1251 1189 1329 p.
1214 1235 1310 1320 886,

236 1379 240 1388 ·
450 1371 488 1427 ιι.
511 1351 573 1428 66.
628 1348 862 1449 (seeundum
878 1361 1076 1422 auctorem·
1091 1341 1308 1452 descriptio

447 1469 563 1571 hujus
581 1467 726 1571 ‘speciei
745 1467 788 1542 in
808 1465 918 1543 Febr.
943 1465 1030 1543 Ent„
1050 1466 1149 1568 Syst.
1173 1468 1305 1572 suppl.

448 1588 567 1665 laevia
587 1601 627 1666 et
648 1606 779 1664 manna
805 1585 898 1687 est).

487 1808 627 1885 Notas

312 1940 460 2021 Statura
475 1959 514 2022 et
527 1942 777 2050 proportione
788 1941 952 2047 partium
965 1942 1165 2022 mriststes
1176 1947 1303 2050 pluri-

235 2088 424 2143 maecum
447 2065 574 2170 specie
597 2065 759 2167 genuina
781 2060 933 2166 quidem
955 2080 1185 2167 congruunta
1213 2078 1302 2143 sunt

235 2206 325 2263 vero
344 2187 456 2263 etiam
472 2185 619 2288 singula
639 2183 849 2274 individua,
877 2185 1048 2261 totenais
1063 2185 1301 2288 pedibusab—

231 2305 436 2383 dominove
462 2304 793 2407 suhgmoilioribus
815 2317 883 2379 aut
909 2305 1242 2397 suberassioribus,
1274 2331 1297 2383 n

232 2424 408 2528 genuinis
449 2425 608 2502 diverso.
690 2423 763 2498 Sed
801 2423 873 2499 hae
915 2409 1296 2504 differentiaenimis

233 2553 324 2619 sunt
350 2545 476 2621 laeves
512 2543 725 2646 sensimque
759 2543 799 2617 in
824 2544 1090 2646 proportiones
1116 2547 1295 2646 genuinas

231 2675 442 2753 transeunt,
464 2681 534 2740 n'eo
550 2663 754 2754 sufficiunt,
771 2663 816 2737 ad
830 2661 1101 2766 hanospeeiern
1117 2665 1156 2740 in
1167 2665 1293 2768 plures

200 2829 205 2840 ·
233 2783 380 2888 species
402 2783 692 2860 dissolvendam.
735 2783 840 2859 Idem
853 2785 968 2862 etism
981 2784 1028 2860 de
1042 2783 1293 2864 mutabilitate

230 2905 408 2981 colorum
426 2918 466 2980 et
488 2903 721 3006 picturarum
744 2903 862 2994 valet,
898 2903 1000 3007 quod
1030 2927 1053 2980 e
1088 2905 1291 2983 collatione

231 3023 458 3102 varietatum
472 3023 742 3127 descriptarum
757 3023 914 3127 patebit.
968 3023 1100 3114 Immo,
1127 3023 1288 3105 edicius.

231 3147 458 3252 semir'nsnm
492 3160 531 3224 et
570 3147 829 3248 culpatorium
867 3164 988 3218 mares
1021 3136 1132 3226 lehn.
1170 3143 1291 3224 terimi

229 3266 392 3344 transire
418 3265 612 3357 ridentur,
646 3266 849 3368 forsanque
874 3285 994 3339 mares
1020 3263 1152 3340 harum
1178 3267 1286 3342 trium

230 3386 443 3490 specierum
466 3385 506 3460 in
527 3409 640 3460 unam
661 3385 827 3489 speeiem
847 3383 1027 3488 conjungi
1046 3404 1211 3489 possent.

324 3507 508 3584 Feminae
544 3505 653 3582 lehn.
692 3503 838 3593 seduli,
877 3505 1080 3579 secundum
1122 3505 1285 3581 habiturn

229 3639 371 3715 totum,
399 3640 577 3700 staturam
599 3640 638 3701 et
657 3623 943 3728 proportionem
957 3625 1132 3726 partium,
1160 3625 1284 3728 impri-

230 3743 302 3819 mis
322 3759 446 3820 autem
466 3761 624 3849 propter
643 3746 817 3823 aculeum
838 3742 990 3844 longius
1011 3764 1215 3838 exsertum,
1240 3749 1281 3822 ad

229 3867 403 3970 Cryptos
410 3863 597 3969 samitine
609 3871 758 3968 primae
776 3863 910 3942 referri
924 3879 1094 3966 possent,
1121 3865 1279 3942 nonnisi
1368 3901 1369 3989 p

228 3985 389 4088 pedibus
408 3983 525 4090 paulo
544 3983 791 4064 crassioribus
816 3981 937 4062 abeis
958 3985 1208 4064 discedentes.
