2728 4618
242 177 294 256 96
616 193 756 248 uarro
780 194 924 263 arrae

242 357 413 444 mouidee
428 357 623 452 nonnulli·
634 387 670 438 v.
680 385 720 436 e.
735 359 881 464 Pimpla
896 359 1106 442 oculamria
1120 363 1301 452 etHemi·

241 483 338 562 teles
352 481 543 585 palpator,
570 497 816 584 eraponunt;
844 483 970 562 larvae
982 484 1159 562 exclusae
1173 502 1300 578 autem

243 604 487 692 substantiam
509 601 693 676 internam
715 627 874 682 ovorum
903 631 1059 682 araneae
1084 605 1299 696 comedunt,
1351 623 1352 702 t

242 723 332 800 etin
354 724 439 824 ipso
461 712 617 798 araneae
637 721 727 798 nido
747 723 787 798 in
811 725 995 828 nymphas
1012 739 1052 800 et
1073 725 1214 798 insecta
1234 725 1301 802 de-

241 844 381 924 olarata
400 857 688 918 commutantur⁴
742 843 848 920 Aliae
871 845 1033 947 species,
1062 873 1095 920 r.
1114 871 1145 920 e.
1169 845 1300 920 Hemi·
1351 913 1352 918 ,

239 963 336 1042 teles
351 977 514 1052 areatat,
542 963 673 1038 domos
695 962 836 1043 intrant
854 980 910 1056 et,
938 966 1068 1044 eadem
1086 965 1299 1042 intentione

239 1099 284 1160 ut
302 1081 495 1184 reliquae,
521 1083 642 1163 larvas
670 1085 929 1172 Dermestium
950 1084 1228 1162 Anthrenorum
1259 1101 1298 1164 et

239 1205 444 1282 Tinearum
466 1203 706 1306 investigant
759 1205 938 1284 Feminae
964 1207 1098 1284 aculeo
1111 1207 1215 1282 brevi
1238 1207 1299 1282 in·

237 1339 419 1414 structae,
447 1325 577 1400 adora
592 1325 830 1427 deponenda,
857 1326 980 1414 larvas
997 1341 1182 1430 quaerunt
1197 1327 1298 1406 haud

238 1445 485 1533 absconditas,
503 1444 568 1522 sed
580 1446 702 1520 libere
717 1445 757 1520 in
771 1445 874 1530 foliis
888 1460 960 1536 ete.
977 1446 1172 1548 degentem
1199 1469 1297 1548 quae

237 1583 365 1644 autem
389 1566 564 1644 aculeum
587 1565 743 1665 longum
771 1581 835 1643 aut
863 1564 1123 1667 longissimum
1147 1583 1297 1668 gerunt,
1351 1551 1352 1646 i

236 1688 357 1763 larvas
384 1684 612 1784 investigant
639 1687 791 1762 occulte
817 1686 986 1763 viventes
1013 1685 1053 1764 in
1071 1687 1197 1788 ligno,
1225 1689 1296 1766 aab

236 1808 395 1894 cortice,
421 1804 463 1880 in
489 1803 618 1906 gallis,
645 1805 685 1884 in
706 1806 804 1882 nidis
823 1821 898 1892 etc.
951 1807 1031 1882 Hae
1056 1806 1236 1896 feminae,
1263 1808 1296 1884 si

236 1929 403 2012 annalem
429 1939 495 2006 aut
520 1925 668 2014 rimam,
704 1925 855 2004 aliudve
889 1953 1038 2022 aarum,
1074 1927 1139 2004 ubi
1167 1928 1296 2006 larvae

235 2046 476 2126 absconditae
489 2073 571 2124 ease
583 2059 755 2148 possent,
784 2045 1025 2138 invenerunt,
1053 2048 1296 2150 pedibusan-

231 2168 435 2248 terioribus
475 2193 587 2269 supra
628 2165 796 2244 foramen
831 2194 870 2248 se
905 2168 1113 2259 collocant,
1153 2194 1294 2272 corpus
1351 2173 1352 2240 t

234 2316 347 2394 quam
367 2288 443 2362 alte
462 2288 629 2377 elevant,
656 2288 841 2365 abdomen
855 2287 978 2390 ipsum
993 2304 1118 2366 autem
1131 2290 1294 2366 vertica-

231 2414 322 2490 liter
335 2410 495 2510 erigunt,
522 2421 605 2482 tum
618 2407 803 2486 terebram
818 2409 887 2484 sub
900 2424 1068 2486 ventrem
1083 2409 1294 2486 deflectunt

232 2546 271 2610 et
285 2530 325 2606 in
336 2529 506 2604 foramen
518 2527 708 2615 in'aeruut3
735 2545 800 2604 aut
813 2530 929 2630 gallaa
944 2545 985 2606 et
998 2529 1105 2604 nidus
1128 2529 1293 2606 aliorum

231 2649 461 2726 insectorum
475 2645 623 2728 terebra
643 2648 852 2750 perforant,
880 2664 923 2728 ut
943 2649 1050 2752 apice
1069 2648 1194 2724 aculei
1215 2649 1293 2724 lar·

231 2796 297 2848 uas
324 2768 562 2850 absconditas
585 2769 788 2870 attingant,
816 2769 953 2872 quibus
973 2769 1109 2846 deinde
1129 2793 1200 2846 ova
1223 2796 1292 2848 sua
1351 2781 1352 2832 ff

230 2891 440 2966 inmittunt.
494 2890 596 2968 Haeo
616 2914 765 2992 semper
789 2905 846 2966 sat
871 2887 1058 2992 profunde
1084 2889 1125 2964 in
1150 2913 1290 2992 eorpus
1351 2979 1352 2990 ἵ

228 3011 354 3089 larvae
368 3024 578 3114 ponuntur,
607 3037 655 3086 ne
669 3009 810 3099 forsan,
837 3011 941 3086 larva
955 3026 1042 3086 cute
1059 3035 1098 3086 re
1111 3025 1288 3102 eruente,
1351 3049 1352 3094 r

228 3159 316 3210 eum
336 3145 424 3207 cute
442 3130 657 3233 perdantur.
712 3129 912 3232 Progenies
927 3127 1212 3219 tennemonn,
1240 3157 1291 3208 ex

225 3252 307 3330 oria
323 3253 492 3340 exclusa,
521 3248 782 3353 utplurimum
803 3250 950 3327 interna
969 3248 1096 3326 larvae
1117 3249 1216 3354 petit
1236 3265 1290 3341 et,
1351 3301 1352 3350 5

226 3371 418 3449 interanea
440 3371 541 3473 ejus,
569 3397 749 3451 neuram
773 3371 917 3448 viscera
937 3368 1034 3470 ipsa,
1057 3369 1123 3448 sed
1148 3395 1290 3474 corpus
1351 3367 1352 3384 ³

223 3492 437 3593 adipornm,
472 3491 689 3581 comedens,
729 3492 770 3568 in
802 3493 904 3568 larva
937 3515 1023 3566 uum
1058 3491 1158 3570 larva
1192 3491 1287 3594 ipsa,

225 3638 374 3716 semper
398 3611 508 3688 avide
537 3611 691 3700 edente,
726 3639 844 3714 uaque
877 3611 1044 3688 nutritur
1070 3627 1109 3688 et
1135 3613 1286 3702 erescit,

223 3731 311 3806 dum
327 3733 454 3810 adulta
467 3733 513 3808 ad
525 3732 772 3810 mutationem
789 3748 962 3834 separet,
990 3758 1063 3834 qua
1078 3732 1152 3808 fine
1167 3731 1228 3808 vel
1244 3732 1287 3807 in

202 3855 383 3952 ,corpure
406 3850 532 3928 larvae
557 3851 675 3952 ipsius
702 3851 742 3928 in
767 3867 906 3928 anatum
928 3851 1116 3954 nymphae
1135 3853 1285 3943 transit,

221 3971 302 4061 val,
328 3985 536 4073 postquam.
549 3995 619 4072 per
637 3972 830 4050 mucuns
852 3987 892 4052 et
905 3989 1036 4052 eutem
1063 3975 1189 4054 laruae
1219 3999 1288 4052 ro·
1351 4023 1352 4104 p
