2764 4614
188 167 265 258 252
587 176 859 232 rcnaauatott

605 341 843 422 Varietas:

270 492 304 563 1.
338 483 515 562 Scutello
546 496 691 587 puncto
723 482 870 583 apiculi
898 478 1003 562 alto.
1039 519 1093 538 -
1124 482 1258 584 Caput

190 602 342 709 punctis
363 603 510 678 duobus
533 600 660 704 clypei
681 599 892 701 orbitisque
912 595 1111 675 oculorum
1137 600 1259 680 inaer-

192 725 250 798 uis
270 721 379 798 albis.
420 719 798 801 Antennuearticulo
815 728 834 798 1
852 715 983 792 subtus
998 735 1143 821 puncto
1156 721 1256 810 albo,

193 841 364 918 articulis
383 843 544 920 11-—15
558 839 654 918 albis
668 839 799 919 subtus
816 835 965 914 macula
977 835 1093 916 furca.
1120 839 1261 918 Tibiae

194 963 341 1038 auticae
354 960 480 1050 albae,
511 986 673 1066 superne
687 959 832 1061 nigrae,
858 956 1005 1035 mediae
1018 959 1167 1061 nigrae,
1199 960 1259 1034 in·

194 1083 301 1159 ferne
315 1108 336 1156 a
351 1079 477 1158 medio
492 1080 539 1156 ad
554 1080 665 1159 basin
679 1105 798 1182 usquc
813 1077 936 1167 albae,
963 1079 1134 1181 posticae
1149 1079 1258 1156 albae

193 1201 304 1306 apice
324 1199 445 1302 nigro.
501 1200 781 1278 Caeterasicut
799 1198 840 1274 in
861 1196 989 1301 specie
1010 1199 1185 1300 genuina.

295 1318 442 1394 Marem
487 1319 643 1396 unicum
688 1318 792 1424 cepit
829 1346 856 1396 c
893 1317 1099 1423 Stillsried
1137 1341 1261 1421 prope

193 1436 443 1542 Hirsclrberg.

337 1727 354 1736 ”
464 1821 472 1838 ι
588 1727 868 1832 synonyma:

196 1855 307 1977 Ictu.
328 1903 517 2004 pistorius
535 1897 662 1978 Musei
681 1897 941 2002 Hellwigiani.

196 2019 307 2099 Iclvc
328 2023 549 2098 molitorius
567 2019 734 2098 Schrank
753 2019 867 2098 Boica
887 2047 923 2098 n.
943 2025 1064 2109 2072,
1091 2042 1169 2096 var.
1187 2042 1221 2093 a.

451 2327 588 2403 Nota:
625 2437 629 2448 Ι

275 2495 375 2572 Huic
400 2494 541 2600 speciei
561 2496 685 2576 affinis
705 2513 764 2576 est
783 2497 894 2576 Ichn.
910 2499 1130 2576 mutuarias
1149 2496 1261 2572 Pana.

198 2616 316 2692 Faun.
340 2615 453 2707 XIX,
481 2613 556 2693 tab.
582 2625 648 2713 16,
675 2620 743 2724 qui
761 2634 902 2718 autem,
928 2618 978 2695 ob
1002 2632 1118 2719 caput
1137 2631 1263 2698 totum

198 2735 348 2838 nigrum
371 2751 411 2838 qt
432 2753 573 2840 puncta
595 2740 680 2816 alba
704 2741 750 2815 ad
768 2739 932 2816 radicem
955 2737 1100 2814 alamur
1129 2737 1265 2815 incon-

198 2854 340 2958 spicua,
364 2858 492 2960 potius
505 2857 551 2932 ad
563 2856 745 2937 feminam
757 2858 1026 2938 Ichneumonis
1040 2858 1265 2940 detractorii

197 2971 332 3066 ¹referri
351 2974 481 3066 debet,
508 3003 737 3084 quamquam
758 2992 900 3056 statura
921 2993 1003 3054 tota
1023 2993 1063 3054 et
1082 2991 1266 3054 anteana·

198 3121 284 3170 rum
302 3095 555 3208 proportior}
573 3098 710 3176 melius
732 3124 819 3175 cum
835 3105 1002 3204 pistorio
1022 3097 1211 3200 congruit.

201 3298 205 3306 ,
276 3214 432 3292 Femina
447 3213 561 3319 hujus
575 3218 730 3326 speciei,
752 3232 895 3307 statum
909 3235 982 3297 etc.
998 3219 1155 3302 omnino
1166 3241 1261 3296 cou-

199 3333 303 3438 gruit
336 3363 423 3411 cum
455 3337 597 3414 femina
621 3337 1161 3428 letneumonwdeltmtorii,
1192 3362 1264 3439 pro

197 3455 306 3558 cujus
321 3458 502 3534 'varietate
514 3483 597 3534 eam
612 3455 807 3549 haberem,
834 3457 909 3536 nisi
928 3458 1076 3561 pictura
1097 3455 1266 3535 thoracis

197 3575 380 3652 differret.
436 3576 495 3653 Ob
516 3578 703 3681 picturam
723 3577 889 3656 thoracis
909 3577 1004 3657 hacc
1023 3575 1163 3655 femina
1177 3576 1265 3678 qui·

196 3696 374 3773 demtum
387 3699 551 3773 maribus
566 3697 790 3776 deliratorii
803 3723 916 3802 quam
928 3696 1091 3777 maribus
1105 3701 1264 3799 pistorii

194 3815 303 3920 jungi
324 3835 469 3920 possct;
496 3816 555 3893 sin
582 3833 708 3895 autem
737 3818 816 3894 illia
841 3817 1057 3922 jungerem,
1085 3816 1262 3906 feminac,

193 3935 271 4038 jam
300 3965 386 4014 cum
413 3933 645 4016 deliratorio
671 3937 917 4039 conjunctae,
953 3937 1089 4016 viduae
1115 3951 1261 4018 caseata
