2758 4638
221 173 299 254 694
593 187 909 246 surrnnnnnrn

223 375 351 438 nmen
367 371 560 436 tenentem
579 355 681 436 inter
693 354 800 436 illam
814 355 980 463 speciem
993 369 1033 436 et
1044 357 1125 436 Eas.
1142 359 1291 434 mitro-

223 496 326 571 tum,
352 509 388 556 n.
406 480 503 559 225..
529 519 582 536 -··
611 477 834 579 Longttudo
856 479 1093 559 Slincarum.
1148 481 1291 580 Caput

222 597 449 676 mandibulis
465 595 675 673 stramincis
694 599 802 702 apice
817 598 942 699 nigr03
970 597 1072 676 linea
1090 613 1290 673 transver-

222 719 293 795 sali
307 733 456 794 arcuata
473 716 597 792 albida
613 714 709 792 inira
724 731 915 794 antennas.
953 717 1122 794 Thorax
1134 731 1288 820 puncto

90 923 95 932 ,
222 835 351 914 albido
376 835 423 912 ad
441 837 605 914 radicem
628 835 782 913 alarum.
835 839 940 918 Aloe
963 837 1159 940 squamula
1179 835 1287 913 alba.

221 959 343 1036 Tarsi
365 955 506 1060 postici
531 953 642 1036 fusci.
674 999 728 1019 -·-
758 957 916 1036 Caetera
942 955 1051 1036 utin
1076 955 1291 1064 gravipede

220 1099 399 1182 gennano,

632 1345 732 1480 Pag.
760 1377 862 1458 852.
899 1381 905 1394 '

384 1599 387 1608 ·
504 1565 609 1640 226l·
652 1561 692 1630 Ε.
724 1555 922 1632 ASPER.
953 1583 989 1628 n.

367 1763 556 1833 Abdomine
570 1763 642 1832 basi
655 1761 858 1849 scabriculo,
880 1763 1022 1855 pedibus
1035 1763 1125 1836 rufis.

296 2023 399 2100 Haec
416 2019 561 2126 species
577 2019 776 2100 abdomine
789 2019 966 2124 congruit
979 2049 1065 2099 cum
1081 2027 1127 2102 E.
1140 2030 1286 2103 cristo-

218 2159 324 2236 tore,
345 2174 380 2220 n.
397 2150 491 2234 226,
513 2158 704 2246 segmento
722 2142 947 2244 1longiore3
975 2143 1134 2246 pedibus
1148 2159 1280 2222 autem

218 2264 465 2367 antennisque
484 2263 721 2341 brevioribus
743 2280 782 2340 et
795 2263 1057 2356 crassioribus,
1084 2261 1165 2341 fere
1180 2280 1223 2340 ut
1234 2264 1280 2343 in

216 2385 264 2463 E.
292 2399 552 2474 monstratore,
578 2413 613 2460 n.
630 2393 717 2464 217.

294 2503 517 2604 Longituolo
544 2504 607 2580 vir
627 2515 653 2584 2
672 2505 869 2582 linearum.
926 2507 1056 2605 Caput
1073 2529 1140 2582 ore
1154 2503 1278 2582 ferru-

216 2621 340 2726 gineo,
392 2626 595 2700 Antennoe
619 2625 776 2700 dimidio
805 2650 964 2728 corpore
984 2624 1100 2726 paulo
1123 2625 1277 2727 longio-

215 2767 292 2831 res,
321 2741 452 2820 subtus
476 2743 582 2818 basin
601 2771 729 2821 versus
751 2745 995 2822 rufescentes.
1057 2748 1161 2826 Aloe
1180 2746 1276 2850 bya-

214 2859 332 2952 linae,
360 2864 533 2965 stigmate
547 2880 584 2940 et
599 2865 705 2940 radio
720 2865 857 2968 piceis,
885 2865 1012 2942 radice
1025 2880 1064 2944 et
1079 2869 1275 2971 squamula

214 2979 331 3058 flavis.
387 2983 510 3068 Pedes
535 2986 657 3062 dilute
679 2987 768 3075 rufi,
804 2987 907 3062 coxis
930 2987 1088 3089 posticis
1110 3014 1274 3090 superne

211 3099 292 3174 basi
314 3101 430 3205 nigra.
485 3104 687 3185 Abdomen
715 3105 850 3210 capitis
879 3107 1122 3209 thoracisque
1149 3107 1274 3210 longi-

211 3219 345 3297 tudine
385 3240 425 3299 et
464 3226 687 3315 latitudine3
741 3244 935 3330 segmento
973 3237 993 3306 1
1039 3227 1270 3321 scabriculo,

211 3337 324 3416 lineis
351 3351 377 3420 2
409 3344 566 3420 elevatis
602 3346 963 3449 longitudinalibus,
1003 3346 1111 3424 basin
1141 3375 1271 3426 versus

211 3459 348 3534 sensim
397 3464 512 3566 paulo
560 3482 779 3568 angustata,
832 3467 1034 3546 latitudine
1072 3469 1270 3572 longiores

209 3587 235 3658 2
262 3581 444 3683 quadrato
472 3583 701 3675 scabriculo;
743 3587 1001 3692 sequentibus
1017 3589 1154 3664 sensim
1182 3589 1271 3665 bre·

210 3699 377 3778 rioribus
400 3719 439 3778 et
459 3703 701 3783 laevioribus.

169 3824 172 3832 '
283 3822 524 3900 Individuum
559 3853 676 3906 unum
709 3853 820 3908 sexus
852 3828 989 3908 incerti
1018 3829 1132 3936 Hope
1160 3829 1269 3937 cepit

208 3938 308 4018 circa
332 3943 486 4050 Netley.
