2680 4640
385 929 435 1018 1-
478 929 547 1020 N·
591 931 640 1020 u
705 929 748 1020 u
812 929 858 1020 x

215 1131 505 1234 cuuuuuu
536 1131 1019 1242 ersussuuuauuu.
1068 1167 1073 1180 ·

84 1407 256 1524 Genera
278 1445 417 1558 litteris
439 1447 594 1551 magnis,
622 1447 832 1555 subgenera
841 1439 982 1534 litteris
996 1445 1152 1523 minori-

81 1565 174 1658 bus,
203 1566 427 1646 iudicantur.
483 1569 645 1646 Nomina
660 1569 834 1672 generica
849 1566 1007 1654 aliorum
1022 1583 1151 1646 aueto-

83 1713 188 1777 rum,
222 1687 263 1763 in
283 1688 353 1764 hac
372 1685 734 1791 Ichneumonologia
760 1687 862 1766 haud
881 1689 1051 1794 r‘ecepta,
1085 1687 1151 1764 sed

81 1823 231 1884 tantum
246 1807 512 1912 insynouymis
528 1809 703 1898 iudicata,
717 1806 878 1887 arcubus
893 1807 1148 1890 i'uclusasunt.

136 1929 298 2005 Nomina
311 1935 536 2030 specierum,
548 1927 687 2004 litteris
703 1929 945 2008 venicalibus
957 1928 1150 2032 impressa,

85 2047 128 2122 in
143 2047 503 2150 Ichneumonologia
519 2064 671 2150 recepta
692 2065 797 2138 sunt3
825 2047 986 2138 nomina,
1009 2047 1149 2124 litteris

84 2165 278 2243 inclinatis
313 2169 511 2272 impressa,
554 2168 704 2270 species
746 2170 932 2258 indicent,
980 2167 1049 2246 sub
1076 2166 1149 2242 hoc

85 2286 238 2364 nomine
259 2286 412 2390 quidem
426 2289 474 2364 ab
496 2287 580 2365 aliis
595 2289 811 2369 auctoribus
828 2273 1034 2390 descriptas
1050 2286 1149 2364 haud

84 2431 178 2483 vero
211 2406 251 2482 in
279 2408 642 2511 Ichneumonologia
675 2426 864 2513 receptas,
903 2408 967 2487 sed
1001 2423 1149 2485 tantum

84 2527 186 2604 inter
211 2553 416 2633 synonyma
443 2528 692 2634 quaerendam
726 2527 877 2606 nomina
906 2527 1066 2606 arcubus
1091 2529 1150 2604 in·

85 2648 190 2724 clusa
209 2647 377 2726 indicam
400 2650 547 2753 species
566 2649 661 2726 mihi
677 2649 906 2753 incognitas,
934 2649 974 2724 in
995 2649 1151 2754 supple-

86 2769 223 2846 mentis
251 2785 396 2861 autem,
432 2796 454 2846 e
481 2767 801 2874 descriptionibus
835 2783 1050 2858 auctorum,
1089 2795 1150 2845 re-

86 2902 226 2990 ceptas.
847 2907 850 2915 '

162 3005 325 3084 Numeri
344 3005 495 3082 romani
509 3007 678 3082 indicant
695 3021 859 3110 partem,
881 3005 1020 3084 arabici
1042 3007 1148 3110 pagi·

86 3152 187 3216 nam,
229 3125 293 3202 ubi
327 3151 444 3227 genus
484 3141 550 3207 aut
591 3127 737 3231 species
776 3127 1031 3229 quaerendum
1072 3119 1147 3217 esti

89 3246 233 3322 numeri
255 3244 394 3321 arabici
415 3246 577 3350 majores
596 3247 766 3324 indicant
783 3247 957 3350 paginam
978 3248 1042 3327 ubi
1062 3273 1147 3350 spe-

86 3366 160 3445 cies
186 3365 374 3468 descripta
402 3384 476 3458 est,
512 3366 675 3448 minores
697 3367 871 3474 paginam
906 3366 970 3444 ubi
992 3369 1145 3472 speciei,

86 3486 267 3590 imprimis
288 3489 544 3588 comparative
559 3515 646 3566 rum
668 3485 752 3561 aliis
768 3484 976 3588 speciebus,
1004 3489 1148 3566 mentio

85 3619 229 3683 tantum
251 3605 350 3682 facta
374 3623 442 3683 est.
497 3607 654 3686 Numeri
677 3605 837 3684 arcubus
860 3603 999 3682 inclusi
1019 3610 1147 3684 locum

85 3723 267 3816 indicant,
303 3725 368 3800 ubi
398 3743 532 3804 auctor
551 3728 689 3834 aliquis
710 3726 862 3805 nomine
884 3727 1062 3831 generieo
1089 3729 1146 3805 in-

89 3841 210 3922 dicam
237 3843 381 3948 primus
406 3874 495 3926 usus
520 3863 589 3928 est.
1123 3831 1127 3838 ⁴

465 4042 767 4060 —u-uh—n*
