2788 4624
457 213 555 266 rau.
585 199 826 281 Lusum.
1097 201 1174 274 293

96 375 197 452 Mas
211 375 404 454 Iudaeum.
420 387 605 458 ammonii
622 379 779 486 propius
800 380 946 462 accedit
965 381 1013 458 ad
1031 407 1171 459 marem

97 505 282 600 ruptarii
288 525 303 584 3
327 493 468 574 semina
492 501 625 576 colore
644 517 890 578 antennarum
917 527 1004 580 cum
1029 503 1170 579 femina

95 623 280 717 ruptarii
293 619 485 722 congruit,
513 619 683 696 crassitie
701 647 826 698 earum
842 638 968 720 autem
981 622 1171 724 discrepat

97 749 146 810 et
175 737 282 814 ludu.
311 725 541 818 ascensoria
559 740 848 844 adpropinquat.
902 741 1009 822 lehn.
1039 749 1170 818 termi-

95 864 290 948 natoriua
307 837 483 932 differe'a
506 868 784 938 strumenturio
806 887 882 937 non
903 860 976 940 niai
1002 859 1168 936 incisura

94 976 213 1079 nigra
253 991 319 1051 aut
358 975 464 1052 fusca
501 978 602 1055 inter
640 995 832 1088 segmenta
864 989 889 1060 2
922 995 962 1058 ct
996 989 1037 1070 3,
1078 995 1169 1055 nota

96 1095 324 1172 distinctiva
350 1095 414 1172 vix
435 1096 666 1188 sufficiente3
694 1099 922 1180 acerinthr'o
944 1115 1070 1178 autem
1091 1123 1168 1174 non

95 1215 178 1291 nisi
199 1213 373 1292 antennis
394 1217 510 1318 paulo
534 1219 794 1310 crassioribus,
823 1248 908 1296 cum
930 1219 970 1296 in
983 1219 1067 1296 aliis
1082 1245 1168 1321 spe-

94 1336 257 1426 ciebus,
285 1361 320 1412 v.
343 1361 376 1410 c.
399 1333 439 1411 in
459 1345 680 1416 extensario
701 1355 741 1414 et
757 1348 957 1443 raptorio,
982 1355 1166 1416 antennae

95 1456 251 1531 ratione
283 1453 541 1532 crassitudinis
575 1456 775 1535 variabiles
808 1460 895 1537 sint.
956 1463 1002 1536 In
1030 1465 1164 1536 'museo

96 1575 488 1676 Hoffrnanuseggiano
507 1577 617 1656 lehn.
641 1587 930 1656 terminatorius
951 1607 1036 1656 aum
1055 1578 1166 1656 femi-

98 1697 163 1771 nis
179 1703 395 1772 eoeteusarii
407 1695 633 1797 conjunctus
648 1715 738 1781 erat.
780 1699 1012 1776 Ichneumon
1028 1699 1167 1777 caedu-

98 1832 167 1893 tor
178 1816 308 1892 forsan
322 1814 377 1890 nil
389 1814 493 1892 aliud
508 1831 568 1892 est
579 1817 654 1892 nisi
669 1817 829 1894 varietas
846 1827 1025 1921 ruptarii.
1056 1819 1181 1924 Iclm.¹

99 1942 305 2040 ruptarius
328 1951 368 2010 ut
385 1937 657 2035 graciliuornis
683 1962 760 2013 non
784 1939 857 2014 nisi
879 1940 1007 2014 colora
1027 1938 1165 2038 pedum

99 2057 339 2157 postioorum
376 2055 530 2132 differre
561 2055 754 2148 videntur,
802 2058 868 2134 sed
901 2056 974 2133 hoc
1014 2081 1183 2158 quoqne,

99 2176 285 2278 quaedam
302 2183 470 2278 ruptarii
482 2176 682 2255 varietates
704 2203 790 2252 curn
807 2181 1060 2276 groailieurui
1071 2180 1164 2249 con·
1184 2261 1187 2268 ,

99 2307 261 2397 g'ruunt3
289 2295 399 2370 ambo
413 2311 555 2386 autem,
584 2295 633 2371 oh
650 2313 829 2378 antennas
844 2296 1079 2400 graciliores,
1108 2295 1166 2368 in·-

98 2415 266 2496 dividuis
289 2415 513 2516 quibusdam
526 2426 739 2496 extenuaris·
753 2419 920 2498 confines
943 2431 1045 2506 sunt,
1072 2416 1166 2516 licet

96 2535 279 2617 varietati
294 2536 480 2614 secundae
495 2544 664 2639 ruptarii
677 2554 863 2614 antennas
883 2537 1085 2614 crassiores
1099 2535 1165 2611 ad-

95 2656 173 2734 h'uc
192 2658 279 2747 sint,
295 2681 408 2758 quarn
422 2655 464 2733 in
474 2657 731 2744 chueumaue
743 2660 990 2761 confusori03
1015 2657 1165 2733 eadem·

98 2805 175 2882 que
216 2779 379 2854 varietas
417 2779 548 2854 colore
585 2779 726 2881 paduan
764 2803 920 2882 quoque
952 2805 974 2854 a
1005 2776 1164 2878 reliquis

98 2905 270 3000 ruptarii
281 2897 485 2975 individuis
508 2923 548 2974 sa
569 2897 781 3001 distinguit.
835 2899 882 2974 In
903 2922 1035 2974 museo
1056 2895 1165 2972 Hoff.

95 3017 388 3120 mannseggiano
415 3019 529 3094 etiam
552 3016 616 3094 hic
635 3019 742 3094 India
766 3025 967 3121 ruptarius
986 3041 1071 3092 cum
1094 3043 1165 3093 ax·
1222 3015 1226 3019 ’

97 3145 268 3216 tersorio
288 3137 516 3239 conjunctus
536 3153 626 3214 erat.
680 3136 1073 3216 ludu..melunodutus
1087 3160 1165 3212 non

96 3259 170 3334 nisi
198 3257 456 3360 magnitudine
480 3273 521 3338 et
537 3258 677 3362 pedum
705 3259 835 3338 colore
863 3257 911 3334 ab
939 3263 1162 3335 extensos-iu

97 3376 239 3456 differt.
511 3387 514 3394 ’
1187 3465 1191 3471 ,

169 3497 228 3573 Ad
247 3496 342 3574 haec
362 3497 533 3574 conferas
556 3521 655 3600 quac
675 3494 715 3572 in
734 3493 834 3572 notis
854 3495 903 3571 ad
920 3496 1032 3574 Jahn.
1055 3499 1163 3575 moli·

97 3625 260 3708 tarium,
292 3625 554 3696 extensoriam
584 3629 624 3693 et
651 3622 868 3718 ruptarium
895 3615 1048 3718 jamjam
1073 3641 1191 3718 pro-v

97 3739 181 3814 tuli.
197 3781 251 3796 -
268 3738 465 3841 Suspicor,
493 3761 624 3814 omnes
639 3735 706 3812 has
721 3737 866 3840 species
882 3739 951 3814 sub
963 3737 1071 3830 ludu.
1089 3763 1160 3816 ec·-

96 3867 264 3940 teururio
283 3875 322 3940 et
336 3866 515 3964 raptorio
535 3871 734 3934 auctorum
754 3857 1007 3962 pistrinorum
1026 3856 1159 3940 latere.
