2728 4618
427 171 436 192 ³
463 211 600 268 narro
626 209 768 266 viria.
1092 193 1146 271 97

75 363 201 458 dendo
217 382 364 460 exitum
379 380 540 486 aperuit,
564 395 669 456 extra
683 379 825 456 larvam
838 377 1055 456 folliculum
1072 375 1145 456 sibi

76 503 363 591 netsericeum,
390 503 581 578 duriorem
602 515 667 576 aut
686 501 888 590 laxiorem,
916 515 955 575 et
976 500 1016 576 in
1036 527 1145 602 nym-

77 623 192 725 pham
224 637 414 710 mutatur,
448 648 469 698 e
497 647 586 724 qua,
615 635 703 723 post
727 634 876 722 tempus
902 619 1055 722 longius
1081 635 1147 696 aut

77 744 252 832 brevius,
282 743 468 818 insertum
489 743 720 818 declaratum
733 739 957 842 prorumpit.
1012 740 1148 842 Singu-

79 864 172 940 laris
196 879 326 938 autem
346 861 480 936 modus
500 877 558 937 est
585 885 661 966 quo
682 862 807 938 larvae
828 859 1016 962 Ophionis
1038 859 1146 950 lutei,

81 999 121 1060 et
134 983 268 1060 forsan
282 981 453 1057 omnium
469 982 679 1085 specierum
694 979 808 1081 hujus
822 979 980 1082 generis,
994 980 1145 1082 degunt.

79 1105 207 1180 blaten
235 1127 375 1203 nempe
398 1127 468 1178 ova
495 1101 604 1203 ponit
627 1099 810 1204 petiolata
842 1101 882 1174 in
910 1099 1148 1209 superficiem

83 1249 221 1300 erucae
240 1222 441 1324 bombycis
466 1220 639 1310 vinulae3
666 1220 791 1297 larvae
819 1218 996 1296 exclusae
1021 1235 1147 1296 autem

81 1369 159 1420 non
180 1368 321 1446 corpus
341 1367 476 1418 erucae
496 1341 641 1418 intrant
658 1341 740 1428 sed,
769 1339 887 1414 cauda
901 1339 941 1416 in
954 1341 1148 1442 putamine

82 1463 145 1538 ori
160 1463 255 1550 lina,
284 1461 413 1563 itaque
433 1462 622 1538 mediante
643 1461 791 1564 petiolo
811 1461 875 1538 ovi
897 1461 1047 1562 corpori
1063 1487 1150 1538 eru·

84 1609 150 1658 cae
164 1581 425 1670 adhaerentes,
439 1581 536 1658 hanc
549 1597 736 1682 exsugunt
748 1581 869 1656 donec
882 1581 1032 1660 adultae
1047 1597 1145 1658 sunt.

82 1703 196 1778 Licet
213 1700 309 1776 baec
329 1701 473 1778 insecta
495 1701 582 1778 satis
605 1701 718 1802 agilia
740 1702 816 1776 sint
836 1716 875 1776 et
887 1701 1069 1778 facillime
1083 1729 1150 1780 vo·

82 1822 167 1898 latu
180 1820 301 1896 celeri
314 1821 515 1924 effugiant,
544 1821 575 1897 si
590 1822 637 1896 ad
650 1847 692 1896 ea
708 1820 996 1924 adpropinquas,
1023 1838 1151 1900 tamen

83 1941 268 2030 laminae,
303 1968 374 2017 ova
400 1941 577 2043 gignendi
608 1956 832 2042 occupatae,
865 1939 978 2042 hujus
1008 1944 1152 2044 negotii

91 2061 187 2136 adeo
204 2076 309 2136 totae
334 2077 423 2138 sunt
452 2079 494 2138 ut
520 2061 665 2136 nullam
684 2060 795 2134 aliam
815 2085 913 2148 rem,
941 2087 1011 2136 nec
1032 2061 1152 2162 ipsam

90 2181 223 2271 vitam,
249 2195 397 2257 curent.
452 2182 538 2257 Non
557 2183 678 2256 solum
699 2179 745 2252 ad
766 2178 929 2255 lubitum
954 2205 976 2256 e
997 2179 1155 2282 propin-

94 2326 171 2402 quo
194 2300 406 2390 observari,
441 2303 504 2377 sed
531 2299 659 2402 digitis
689 2326 711 2374 a
738 2298 844 2388 loco,
873 2323 949 2402 quo
978 2299 1153 2392 insident,

90 2421 231 2498 auferri
245 2419 461 2524 patiuntur3
488 2418 519 2494 si
542 2445 603 2496 eas
623 2435 748 2496 auteur
768 2419 888 2520 digito
908 2420 1069 2525 adtingis
1091 2435 1156 2497 aut

89 2541 286 2629 deturbas,
313 2539 443 2641 petius
464 2538 569 2640 quasi
596 2538 767 2641 stupidae
793 2539 1017 2617 delabentur
1043 2568 1155 2643 quam

91 2661 311 2736 avolabunt.
365 2659 447 2734 Hoc
469 2657 664 2736 observari
685 2657 726 2732 in
746 2659 888 2762 libyssa
907 2663 1154 2762 persuasoria,

91 2805 163 2856 neu
181 2776 313 2854 nonin
328 2776 506 2880 Ephialte
528 2777 748 2854 carbonario
765 2779 972 2887 mediatore
985 2796 1025 2856 et
1037 2783 1158 2858 mani-

91 2899 287 2996 festatore.
310 2939 362 2954 -
386 2897 493 2994 Quae
505 2897 581 2987 bic,
602 2898 649 2973 de
663 2891 832 2974 moribus
843 2915 882 2976 et
897 2900 997 2978 vitae
1011 2901 1158 2980 ratione

92 3015 451 3105 Ichneumonidum‚
477 3017 576 3096 laevi
589 3016 845 3096 delineatione
858 3019 1011 3096 exhibui
1026 3023 1057 3098 si
1072 3047 1159 3122 per-

92 3139 234 3216 fectius
248 3152 289 3213 et
302 3135 514 3212 accuratius
530 3161 760 3240 cognoscere
771 3139 912 3242 cupias,
940 3139 1043 3216 adire
1064 3139 1158 3216 velis

92 3283 211 3361 opera
240 3255 475 3347 Reaumurii,
501 3255 682 3359 Degeeri,
708 3257 890 3350 Roeselii,
922 3261 1110 3360 aliorumq

94 3374 400 3479 coryphaeorum
441 3378 788 3478 entomologorum3
826 3380 1009 3481 quaedam
1046 3379 1121 3454 etia
1199 3377 1212 3466 J

94 3496 236 3602 passim
251 3495 292 3570 in
305 3493 748 3598 haclchneumonologia
761 3509 1051 3573 commemorata
1063 3508 1160 3572 sunt.

175 3618 238 3690 De
261 3615 402 3716 copulu
422 3612 557 3692 borum
584 3616 817 3692 insectorum
837 3617 934 3694 nihil
956 3643 978 3692 e
997 3613 1162 3718 propriis

97 3731 429 3811 observationibus
456 3735 627 3838 prolerre
651 3758 823 3837 possum,
850 3762 1043 3840 nunquam
1062 3733 1164 3816 enim

97 3851 196 3928 mihi
219 3853 419 3943 successit,
445 3879 515 3958 par
532 3853 671 3956 copula
696 3852 871 3956 junctum
897 3871 963 3932 aut
989 3854 1166 3956 copulam

96 3995 237 4073 parans
262 3971 452 4063 invenire,
477 3973 572 4053 licet
599 3973 727 4050 forsan
752 3988 905 4051 centum
924 3975 1047 4052 millia
1069 3973 1168 4048 indi·

165 4105 260 4162 chn.
278 4107 391 4178 Europ,
409 4107 479 4164 Patr
497 4109 523 4164 1.
830 4099 856 4169 7
