2758 4638
259 163 337 238 700
637 177 948 234 surrnuuunra

257 339 506 420 brevioribus.
569 344 740 424 Aculeus
770 366 931 450 corpore
960 345 1129 450 longior,
1169 339 1328 446 vaginis

257 462 465 570 pilosellis,
492 462 640 538 terebra
661 461 757 540 rufa.

255 582 490 781 debgionicam
503 581 699 674 feminam,
720 581 821 734 circa
834 583 978 690 Netley
991 595 1157 688 captam,
1176 577 1326 686 Hopeo

667 931 765 1031 rag.
798 933 897 1009 476.

332 1098 476 1202 Crypti
495 1096 707 1178 viduatorii
726 1127 866 1178 marem
890 1113 931 1176 et
951 1111 1115 1201 quatuor
1132 1093 1321 1184 feminas,

255 1216 354 1294 circa
371 1220 515 1324 Netley
534 1237 682 1325 captos,
708 1221 821 1324 Hope
841 1246 990 1299 mecum
1003 1216 1322 1293 communicavit:

253 1343 368 1420 Mori
392 1354 637 1417 antennarum
658 1343 840 1418 articulus
864 1352 884 1421 1
909 1339 1040 1415 subtus
1060 1337 1208 1446 macula
1227 1337 1322 1412 alba

255 1477 313 1538 est
333 1460 522 1550 obsoleta,
552 1462 754 1537 scutellum
778 1460 858 1537 fere
886 1475 1010 1536 totum
1032 1458 1198 1559 nigrum,
1228 1457 1320 1532 solo

252 1596 395 1684 puncto
410 1580 547 1682 apicali
562 1581 660 1666 albo.
680 1583 771 1688 ⁴Hoc
785 1581 1022 1688 individuum
1030 1580 1195 1656 medium
1205 1591 1321 1681 tenet

252 1701 354 1778 inter
383 1701 644 1780 ciduutorium
671 1718 710 1778 et
741 1709 1045 1805 inconspicuum,
1075 1728 1112 1776 n.
1144 1707 1209 1790 18,
1246 1697 1318 1800 qui

252 1837 394 1899 statura
417 1837 456 1898 et
476 1821 726 1925 proportione
740 1823 905 1928 partium
920 1849 1005 1898 cum
1025 1821 1099 1896 hoc
1112 1845 1214 1894 mare
1229 1843 1318 1893 om-

248 1943 341 2019 nino
361 1943 547 2042 congruit.
574 1985 628 2002 -·
653 1945 757 2019 Inter
766 1946 944 2047 seminus
964 1968 1036 2020 una
1059 1957 1117 2018 est
1131 1955 1317 2018 antenna-

248 2089 334 2138 rum
348 2063 516 2139 articulis
531 2063 621 2138 solis
635 2071 660 2144 7
668 2073 739 2142 et8
753 2079 897 2167 puncto
912 2061 1193 2139 obsoletissimo
1207 2062 1313 2152 albo,

248 2184 367 2259 altera
386 2190 561 2262 antennis
582 2191 676 2262 totis
693 2189 826 2286 nigris.
879 2186 983 2274 Aloe
996 2183 1184 2260 interdum
1198 2209 1315 2285 squa-

246 2306 350 2384 mula
363 2319 442 2380 tota
458 2303 574 2405 nigra.
623 2303 821 2405 Segmenti
837 2314 857 2383 1
872 2330 957 2408 pars
973 2303 1096 2380 antica
1110 2299 1313 2378 individuo

245 2423 382 2525 majori
403 2438 535 2499 exacte
556 2421 735 2526 quadrata
756 2439 795 2502 et
814 2425 961 2526 petiolo
975 2425 1093 2528 triplo
1107 2421 1224 2499 latior
1238 2437 1310 2498 est.

247 2545 406 2620 Caetera
441 2569 528 2618 cum
559 2540 710 2617 feminis
741 2541 818 2644 jam
851 2542 1051 2646 descriptis
1077 2558 1308 2645 congruunt.

244 2663 461 2742 Notandum
481 2685 572 2738 vero
594 2677 667 2752 est,
695 2659 889 2740 individua
912 2665 981 2740 illa
1002 2664 1096 2756 duo,
1130 2665 1310 2742 antennis

243 2783 503 2864 subannulatis
523 2798 588 2858 aut
606 2782 697 2857 totis
719 2783 854 2888 nigris,
882 2809 902 2860 a
924 2784 1071 2861 duobus
1095 2786 1224 2863 alteris
1246 2787 1310 2863 in-

242 2903 406 2982 dividuis
437 2902 594 3008 (quibus
618 2902 780 2979 annulus
804 2919 1050 2982 antennarum
1069 2907 1308 3000 distinctior,

232 3033 357 3129 'caput
373 3040 412 3101 et
425 3025 558 3100 thorax
575 3049 664 3100 vero
680 3037 761 3099 tota
777 3038 856 3102 atra
871 3029 977 3128 sunt)
998 3025 1152 3102 differre
1166 3027 1307 3104 orbitis

241 3146 441 3228 oculorum
467 3144 625 3222 internis
657 3158 697 3224 et
729 3147 914 3238 externis,
953 3147 1174 3254 lincolaque
1202 3147 1308 3226 infra
1350 3149 1351 3160 '

240 3267 336 3359 alas,
365 3265 474 3343 albis.

650 3490 750 3592 Pag.
780 3493 882 3570 491.

317 3662 461 3765 Crypti
484 3657 672 3736 albatorii
697 3661 858 3738 varietas
886 3660 1050 3740 scutello
1076 3675 1159 3738 toto
1188 3663 1306 3770 nigro
1348 3693 1349 3755 i

236 3795 383 3888 spectat
400 3781 447 3858 ad
468 3779 674 3860 sectionem
690 3781 872 3886 quintam.
