<?xml version="1.0" encoding="UTF-8"?>
<!DOCTYPE html PUBLIC "-//W3C//DTD XHTML 1.0 Transitional//EN"
    "http://www.w3.org/TR/xhtml1/DTD/xhtml1-transitional.dtd">
<html xmlns="http://www.w3.org/1999/xhtml" xml:lang="en" lang="en">
 <head>
  <title>
</title>
<meta http-equiv="Content-Type" content="text/html;charset=utf-8" />
  <meta name='ocr-system' content='tesseract 3.04.00' />
  <meta name='ocr-capabilities' content='ocr_page ocr_carea ocr_par ocr_line ocrx_word'/>
</head>
<body>
  <div class='ocr_page' id='page_1' title='image "./ichneumonologia03gravgoog_0388.png"; bbox 0 0 2788 4624; ppageno 0'>
   <div class='ocr_carea' id='block_1_1' title="bbox 440 224 1161 308">
    <p class='ocr_par' dir='ltr' id='par_1_1' title="bbox 440 224 1161 308">
     <span class='ocr_line' id='line_1_1' title="bbox 440 224 1161 308; baseline 0.01 -16"><span class='ocrx_word' id='word_1_1' title='bbox 440 241 540 292; x_wconf 80' lang='lat' dir='ltr'><strong>ram.</strong></span> <span class='ocrx_word' id='word_1_2' title='bbox 569 225 603 307; x_wconf 85' lang='grc' dir='ltr'><strong>Ι,</strong></span> <span class='ocrx_word' id='word_1_3' title='bbox 632 239 745 291; x_wconf 77' lang='lat' dir='ltr'><strong>sacr.</strong></span> <span class='ocrx_word' id='word_1_4' title='bbox 776 242 826 308; x_wconf 81' lang='lat' dir='ltr'><strong>vt.</strong></span> <span class='ocrx_word' id='word_1_5' title='bbox 1085 224 1161 300; x_wconf 83' lang='grc'><strong>879</strong></span> 
     </span>
    </p>
   </div>
   <div class='ocr_carea' id='block_1_2' title="bbox 97 399 1242 1709">
    <p class='ocr_par' dir='ltr' id='par_1_2' title="bbox 97 399 1159 627">
     <span class='ocr_line' id='line_1_2' title="bbox 99 399 898 506; baseline -0.014 -16"><span class='ocrx_word' id='word_1_6' title='bbox 99 403 555 489; x_wconf 80' lang='lat' dir='ltr'><strong>chn.Schaefferi1non.</strong></span> <span class='ocrx_word' id='word_1_7' title='bbox 576 404 650 480; x_wconf 86' lang='lat' dir='ltr'><strong>tab.</strong></span> <span class='ocrx_word' id='word_1_8' title='bbox 670 411 760 494; x_wconf 84' lang='grc'><strong>188,</strong></span> <span class='ocrx_word' id='word_1_9' title='bbox 787 399 848 506; x_wconf 82' lang='lat' dir='ltr'><strong>fig.</strong></span> <span class='ocrx_word' id='word_1_10' title='bbox 862 411 898 482; x_wconf 87' lang='grc'><strong>7.</strong></span> 
     </span>
     <span class='ocr_line' id='line_1_3' title="bbox 97 525 1159 627; baseline -0.007 -17"><span class='ocrx_word' id='word_1_11' title='bbox 97 531 213 610; x_wconf 72' lang='lat' dir='ltr'><strong>Jahn.</strong></span> <span class='ocrx_word' id='word_1_12' title='bbox 231 533 467 606; x_wconf 72' lang='lat' dir='ltr'><strong>aorcitorins</strong></span> <span class='ocrx_word' id='word_1_13' title='bbox 485 525 618 601; x_wconf 86' lang='lat' dir='ltr'><strong>Sulzer</strong></span> <span class='ocrx_word' id='word_1_14' title='bbox 639 526 782 600; x_wconf 85' lang='lat' dir='ltr'><strong>Kennz.</strong></span> <span class='ocrx_word' id='word_1_15' title='bbox 807 525 882 601; x_wconf 88' lang='lat' dir='ltr'><strong>tab.</strong></span> <span class='ocrx_word' id='word_1_16' title='bbox 904 531 968 614; x_wconf 91' lang='grc'><strong>18,</strong></span> <span class='ocrx_word' id='word_1_17' title='bbox 995 525 1057 627; x_wconf 83' lang='lat' dir='ltr'><strong>fig.</strong></span> <span class='ocrx_word' id='word_1_18' title='bbox 1074 529 1159 607; x_wconf 74' lang='lat'>115:</span> 
     </span>
    </p>

    <p class='ocr_par' dir='ltr' id='par_1_3' title="bbox 143 645 679 746">
     <span class='ocr_line' id='line_1_4' title="bbox 143 645 679 746; baseline -0.011 -21"><span class='ocrx_word' id='word_1_19' title='bbox 143 691 179 740; x_wconf 92' lang='lat'><strong>·„</strong></span> <span class='ocrx_word' id='word_1_20' title='bbox 235 647 453 724; x_wconf 79' lang='lat' dir='ltr'><strong>Chrisntab.</strong></span> <span class='ocrx_word' id='word_1_21' title='bbox 472 651 537 734; x_wconf 77' lang='lat'><strong>54,</strong></span> <span class='ocrx_word' id='word_1_22' title='bbox 566 645 626 746; x_wconf 79' lang='lat' dir='ltr'><strong>fig.</strong></span> <span class='ocrx_word' id='word_1_23' title='bbox 644 652 679 722; x_wconf 87' lang='lat'><strong>6.</strong></span> 
     </span>
    </p>

    <p class='ocr_par' dir='ltr' id='par_1_4' title="bbox 101 766 786 850">
     <span class='ocr_line' id='line_1_5' title="bbox 101 766 786 850; baseline -0.01 -1"><span class='ocrx_word' id='word_1_24' title='bbox 101 771 215 850; x_wconf 72' lang='lat' dir='ltr'><strong>John.</strong></span> <span class='ocrx_word' id='word_1_25' title='bbox 242 773 479 845; x_wconf 80' lang='lat' dir='ltr'><strong>armatorios</strong></span> <span class='ocrx_word' id='word_1_26' title='bbox 498 766 652 838; x_wconf 83' lang='lat' dir='ltr'><strong>Foreter</strong></span> <span class='ocrx_word' id='word_1_27' title='bbox 672 793 708 838; x_wconf 89' lang='lat' dir='ltr'><strong>n.</strong></span> <span class='ocrx_word' id='word_1_28' title='bbox 725 773 786 843; x_wconf 76' lang='lat'><strong>82.</strong></span> 
     </span>
    </p>

    <p class='ocr_par' dir='ltr' id='par_1_5' title="bbox 156 883 1242 1229">
     <span class='ocr_line' id='line_1_6' title="bbox 156 883 1242 986; baseline -0.007 -20"><span class='ocrx_word' id='word_1_29' title='bbox 156 945 179 982; x_wconf 92' lang='lat'><strong>„</strong></span> <span class='ocrx_word' id='word_1_30' title='bbox 232 888 341 964; x_wconf 75' lang='lat' dir='ltr'><strong>Rosci</strong></span> <span class='ocrx_word' id='word_1_31' title='bbox 366 891 518 974; x_wconf 74' lang='lat' dir='ltr'><strong>n.·752;</strong></span> <span class='ocrx_word' id='word_1_32' title='bbox 544 883 584 958; x_wconf 89' lang='lat' dir='ltr'><strong>in</strong></span> <span class='ocrx_word' id='word_1_33' title='bbox 605 883 726 958; x_wconf 86' lang='lat' dir='ltr'><strong>hortis</strong></span> <span class='ocrx_word' id='word_1_34' title='bbox 748 883 925 986; x_wconf 80' lang='lat' dir='ltr'><strong>frequens</strong></span> <span class='ocrx_word' id='word_1_35' title='bbox 946 883 1006 982; x_wconf 88' lang='lat' dir='ltr'><strong>(in</strong></span> <span class='ocrx_word' id='word_1_36' title='bbox 1024 886 1166 962; x_wconf 86' lang='lat' dir='ltr'><strong>descri-</strong></span> <span class='ocrx_word' id='word_1_37' title='bbox 1238 953 1242 958; x_wconf 87' lang='lat'><em>.</em></span> 
     </span>
     <span class='ocr_line' id='line_1_7' title="bbox 316 1003 1168 1112; baseline 0.001 -31"><span class='ocrx_word' id='word_1_38' title='bbox 316 1006 447 1112; x_wconf 90' lang='lat' dir='ltr'><strong>ptione</strong></span> <span class='ocrx_word' id='word_1_39' title='bbox 468 1027 537 1108; x_wconf 89' lang='lat' dir='ltr'><strong>pro</strong></span> <span class='ocrx_word' id='word_1_40' title='bbox 569 1003 776 1078; x_wconf 80' lang='lat' dir='ltr'><strong>»abdomen</strong></span> <span class='ocrx_word' id='word_1_41' title='bbox 797 1028 1073 1106; x_wconf 75' lang='lat' dir='ltr'><strong>compressum«</strong></span> <span class='ocrx_word' id='word_1_42' title='bbox 1097 1032 1168 1109; x_wconf 90' lang='lat' dir='ltr'><strong>po·</strong></span> 
     </span>
     <span class='ocr_line' id='line_1_8' title="bbox 319 1123 1168 1229; baseline 0.004 -28"><span class='ocrx_word' id='word_1_43' title='bbox 319 1128 395 1201; x_wconf 89' lang='lat' dir='ltr'><strong>tius</strong></span> <span class='ocrx_word' id='word_1_44' title='bbox 421 1125 628 1200; x_wconf 73' lang='lat' dir='ltr'><strong>»abdomen</strong></span> <span class='ocrx_word' id='word_1_45' title='bbox 648 1123 1014 1225; x_wconf 79' lang='lat' dir='ltr'><strong>depressiusculnmc</strong></span> <span class='ocrx_word' id='word_1_46' title='bbox 1037 1126 1168 1229; x_wconf 87' lang='lat' dir='ltr'><strong>legen-</strong></span> 
     </span>
    </p>

    <p class='ocr_par' dir='ltr' id='par_1_6' title="bbox 103 1246 1163 1709">
     <span class='ocr_line' id='line_1_9' title="bbox 125 1246 866 1345; baseline -0.007 -22"><span class='ocrx_word' id='word_1_47' title='bbox 125 1297 128 1303; x_wconf 92' lang='lat'>·</span> <span class='ocrx_word' id='word_1_48' title='bbox 225 1273 233 1304; x_wconf 54' lang='lat'><strong>&#39;·</strong></span> <span class='ocrx_word' id='word_1_49' title='bbox 308 1246 410 1322; x_wconf 84' lang='lat' dir='ltr'><strong>dum</strong></span> <span class='ocrx_word' id='word_1_50' title='bbox 430 1247 520 1345; x_wconf 82' lang='lat' dir='ltr'><strong>est).</strong></span> <span class='ocrx_word' id='word_1_51' title='bbox 862 1293 866 1302; x_wconf 77' lang='lat'><em>·</em></span> 
     </span>
     <span class='ocr_line' id='line_1_10' title="bbox 103 1363 1163 1468; baseline -0.002 -18"><span class='ocrx_word' id='word_1_52' title='bbox 103 1375 133 1450; x_wconf 88' lang='grc' dir='ltr'><em>Ι</em></span> <span class='ocrx_word' id='word_1_53' title='bbox 133 1370 218 1448; x_wconf 79' lang='lat' dir='ltr'><strong>cdo.</strong></span> <span class='ocrx_word' id='word_1_54' title='bbox 240 1367 510 1446; x_wconf 83' lang='lat' dir='ltr'><strong>dimicatora&#39;ns</strong></span> <span class='ocrx_word' id='word_1_55' title='bbox 528 1365 615 1441; x_wconf 90' lang='lat' dir='ltr'><strong>Gm.</strong></span> <span class='ocrx_word' id='word_1_56' title='bbox 633 1363 691 1456; x_wconf 73' lang='lat' dir='ltr'><strong>ed,</strong></span> <span class='ocrx_word' id='word_1_57' title='bbox 708 1363 818 1440; x_wconf 76' lang='lat' dir='ltr'><strong>Lion.¹</strong></span> <span class='ocrx_word' id='word_1_58' title='bbox 834 1392 872 1468; x_wconf 89' lang='lat' dir='ltr'><strong>p.</strong></span> <span class='ocrx_word' id='word_1_59' title='bbox 889 1373 1001 1458; x_wconf 76' lang='lat'><strong>2680,</strong></span> <span class='ocrx_word' id='word_1_60' title='bbox 1025 1395 1060 1444; x_wconf 87' lang='lat' dir='ltr'><strong>n.</strong></span> <span class='ocrx_word' id='word_1_61' title='bbox 1079 1377 1163 1450; x_wconf 81' lang='grc'><strong>108.</strong></span> 
     </span>
     <span class='ocr_line' id='line_1_11' title="bbox 103 1485 875 1588; baseline -0.01 -19"><span class='ocrx_word' id='word_1_62' title='bbox 103 1491 217 1569; x_wconf 79' lang='lat' dir='ltr'><strong>Icltn.</strong></span> <span class='ocrx_word' id='word_1_63' title='bbox 240 1493 473 1588; x_wconf 39' lang='lat' dir='ltr'><strong>nugatorias*</strong></span> <span class='ocrx_word' id='word_1_64' title='bbox 488 1485 765 1562; x_wconf 72' lang='lat' dir='ltr'><strong>Thoan-loha.</strong></span> <span class='ocrx_word' id='word_1_65' title='bbox 788 1487 875 1564; x_wconf 74' lang='lat'><strong>623.</strong></span> 
     </span>
     <span class='ocr_line' id='line_1_12' title="bbox 103 1605 936 1709; baseline -0.01 -19"><span class='ocrx_word' id='word_1_66' title='bbox 103 1611 219 1690; x_wconf 83' lang='lat' dir='ltr'><strong>Iclm.</strong></span> <span class='ocrx_word' id='word_1_67' title='bbox 242 1608 462 1686; x_wconf 80' lang='lat' dir='ltr'><strong>bidentotns</strong></span> <span class='ocrx_word' id='word_1_68' title='bbox 480 1605 629 1684; x_wconf 82' lang='lat' dir='ltr'><strong>Olivier</strong></span> <span class='ocrx_word' id='word_1_69' title='bbox 647 1633 684 1709; x_wconf 89' lang='lat' dir='ltr'><strong>p.</strong></span> <span class='ocrx_word' id='word_1_70' title='bbox 703 1613 794 1696; x_wconf 76' lang='lat'><strong>172,</strong></span> <span class='ocrx_word' id='word_1_71' title='bbox 822 1633 858 1682; x_wconf 90' lang='lat' dir='ltr'><strong>n.</strong></span> <span class='ocrx_word' id='word_1_72' title='bbox 875 1611 936 1686; x_wconf 95' lang='grc'><strong>40.</strong></span> 
     </span>
    </p>
   </div>
   <div class='ocr_carea' id='block_1_3' title="bbox 288 1889 500 2025">
    <p class='ocr_par' dir='ltr' id='par_1_7' title="bbox 288 1889 500 2025">
     <span class='ocr_line' id='line_1_13' title="bbox 288 1889 500 2025; baseline -0.005 -38"><span class='ocrx_word' id='word_1_73' title='bbox 288 1889 303 1902; x_wconf 34' lang='grc' dir='ltr'>Η</span> <span class='ocrx_word' id='word_1_74' title='bbox 361 1912 500 2025; x_wconf 69' lang='lat' dir='ltr'><strong>Nota:</strong></span> 
     </span>
    </p>
   </div>
   <div class='ocr_carea' id='block_1_4' title="bbox 107 2081 1180 4110">
    <p class='ocr_par' dir='ltr' id='par_1_8' title="bbox 107 2081 1171 2522">
     <span class='ocr_line' id='line_1_14' title="bbox 187 2081 1169 2184; baseline -0.001 -24"><span class='ocrx_word' id='word_1_75' title='bbox 187 2089 250 2160; x_wconf 88' lang='lat' dir='ltr'><strong>De</strong></span> <span class='ocrx_word' id='word_1_76' title='bbox 268 2082 408 2161; x_wconf 80' lang='lat' dir='ltr'><strong>femina</strong></span> <span class='ocrx_word' id='word_1_77' title='bbox 429 2081 616 2184; x_wconf 86' lang='lat' dir='ltr'><strong>descripta</strong></span> <span class='ocrx_word' id='word_1_78' title='bbox 644 2082 766 2158; x_wconf 86' lang='lat' dir='ltr'><strong>adhuc</strong></span> <span class='ocrx_word' id='word_1_79' title='bbox 792 2081 929 2156; x_wconf 80' lang='lat' dir='ltr'><strong>dubius</strong></span> <span class='ocrx_word' id='word_1_80' title='bbox 952 2109 1051 2172; x_wconf 87' lang='lat' dir='ltr'><strong>sum,</strong></span> <span class='ocrx_word' id='word_1_81' title='bbox 1079 2111 1169 2159; x_wconf 91' lang='lat' dir='ltr'><strong>num</strong></span> 
     </span>
     <span class='ocr_line' id='line_1_15' title="bbox 107 2203 1171 2306; baseline -0.008 -20"><span class='ocrx_word' id='word_1_82' title='bbox 107 2233 201 2286; x_wconf 73' lang='lat' dir='ltr'><strong>vera</strong></span> <span class='ocrx_word' id='word_1_83' title='bbox 216 2203 329 2306; x_wconf 88' lang='lat' dir='ltr'>hujus</span> <span class='ocrx_word' id='word_1_84' title='bbox 344 2204 455 2280; x_wconf 87' lang='lat' dir='ltr'><strong>maris</strong></span> <span class='ocrx_word' id='word_1_85' title='bbox 470 2203 608 2278; x_wconf 76' lang='lat' dir='ltr'><strong>semina</strong></span> <span class='ocrx_word' id='word_1_86' title='bbox 625 2203 684 2293; x_wconf 89' lang='lat' dir='ltr'><strong>sit,</strong></span> <span class='ocrx_word' id='word_1_87' title='bbox 705 2217 863 2305; x_wconf 88' lang='lat' dir='ltr'><strong>propter</strong></span> <span class='ocrx_word' id='word_1_88' title='bbox 877 2203 1171 2279; x_wconf 88' lang='lat' dir='ltr'><strong>metathoracem</strong></span> 
     </span>
     <span class='ocr_line' id='line_1_16' title="bbox 110 2321 1171 2427; baseline -0.006 -23"><span class='ocrx_word' id='word_1_89' title='bbox 110 2326 300 2404; x_wconf 90' lang='lat' dir='ltr'><strong>muticum</strong></span> <span class='ocrx_word' id='word_1_90' title='bbox 325 2338 364 2400; x_wconf 90' lang='lat' dir='ltr'><strong>et</strong></span> <span class='ocrx_word' id='word_1_91' title='bbox 383 2326 569 2427; x_wconf 84' lang='lat' dir='ltr'>picturam</span> <span class='ocrx_word' id='word_1_92' title='bbox 587 2323 824 2400; x_wconf 83' lang='lat' dir='ltr'><strong>differentem</strong></span> <span class='ocrx_word' id='word_1_93' title='bbox 851 2321 1015 2398; x_wconf 82' lang='lat' dir='ltr'><strong>thoracis</strong></span> <span class='ocrx_word' id='word_1_94' title='bbox 1043 2339 1083 2401; x_wconf 90' lang='lat' dir='ltr'><strong>ct</strong></span> <span class='ocrx_word' id='word_1_95' title='bbox 1106 2325 1171 2399; x_wconf 88' lang='lat' dir='ltr'><strong>ab·</strong></span> 
     </span>
     <span class='ocr_line' id='line_1_17' title="bbox 110 2445 288 2522; baseline -0.011 0"><span class='ocrx_word' id='word_1_96' title='bbox 110 2445 288 2522; x_wconf 89' lang='lat' dir='ltr'><strong>dominis.</strong></span> 
     </span>
    </p>

    <p class='ocr_par' dir='ltr' id='par_1_9' title="bbox 110 2561 1177 3509">
     <span class='ocr_line' id='line_1_18' title="bbox 193 2561 1172 2666; baseline 0.001 -26"><span class='ocrx_word' id='word_1_97' title='bbox 193 2566 308 2661; x_wconf 81' lang='lat' dir='ltr'><strong>Quod</strong></span> <span class='ocrx_word' id='word_1_98' title='bbox 321 2565 367 2640; x_wconf 90' lang='lat' dir='ltr'><strong>ad</strong></span> <span class='ocrx_word' id='word_1_99' title='bbox 381 2589 587 2666; x_wconf 83' lang='lat' dir='ltr'><strong>synonyma</strong></span> <span class='ocrx_word' id='word_1_100' title='bbox 600 2562 730 2654; x_wconf 88' lang='lat' dir='ltr'><strong>maris,</strong></span> <span class='ocrx_word' id='word_1_101' title='bbox 757 2561 850 2638; x_wconf 87' lang='lat' dir='ltr'><strong>haec</strong></span> <span class='ocrx_word' id='word_1_102' title='bbox 868 2563 1053 2640; x_wconf 83' lang='lat' dir='ltr'><strong>monenda</strong></span> <span class='ocrx_word' id='word_1_103' title='bbox 1069 2582 1172 2642; x_wconf 82' lang='lat' dir='ltr'><strong>sunt:</strong></span> 
     </span>
     <span class='ocr_line' id='line_1_19' title="bbox 117 2683 1175 2787; baseline -0.001 -27"><span class='ocrx_word' id='word_1_104' title='bbox 117 2685 260 2760; x_wconf 89' lang='lat' dir='ltr'><strong>Omnes</strong></span> <span class='ocrx_word' id='word_1_105' title='bbox 286 2701 474 2774; x_wconf 81' lang='lat' dir='ltr'><strong>auctores,</strong></span> <span class='ocrx_word' id='word_1_106' title='bbox 503 2683 567 2787; x_wconf 89' lang='lat' dir='ltr'><strong>qui</strong></span> <span class='ocrx_word' id='word_1_107' title='bbox 588 2685 694 2762; x_wconf 78' lang='lat' dir='ltr'><strong>Ichn.</strong></span> <span class='ocrx_word' id='word_1_108' title='bbox 707 2687 987 2786; x_wconf 84' lang='lat' dir='ltr'><strong>sosciatorinm</strong></span> <span class='ocrx_word' id='word_1_109' title='bbox 1008 2684 1175 2762; x_wconf 79' lang='lat' dir='ltr'><strong>Fabricii</strong></span> 
     </span>
     <span class='ocr_line' id='line_1_20' title="bbox 110 2805 1175 2906; baseline -0.001 -25"><span class='ocrx_word' id='word_1_110' title='bbox 110 2821 350 2905; x_wconf 84' lang='lat' dir='ltr'><strong>receperunt,</strong></span> <span class='ocrx_word' id='word_1_111' title='bbox 368 2805 480 2882; x_wconf 89' lang='lat' dir='ltr'><strong>verba</strong></span> <span class='ocrx_word' id='word_1_112' title='bbox 493 2805 575 2906; x_wconf 82' lang='lat' dir='ltr'><strong>ejus</strong></span> <span class='ocrx_word' id='word_1_113' title='bbox 588 2805 701 2879; x_wconf 89' lang='lat' dir='ltr'><strong>etiam</strong></span> <span class='ocrx_word' id='word_1_114' title='bbox 717 2806 911 2878; x_wconf 88' lang='lat' dir='ltr'><strong>immutata</strong></span> <span class='ocrx_word' id='word_1_115' title='bbox 926 2805 1175 2898; x_wconf 82' lang='lat' dir='ltr'><strong>retinuerunt,</strong></span> 
     </span>
     <span class='ocr_line' id='line_1_21' title="bbox 115 2925 1174 3026; baseline 0 -28"><span class='ocrx_word' id='word_1_116' title='bbox 115 2939 334 3024; x_wconf 78' lang='lat' dir='ltr'><strong>»segmento</strong></span> <span class='ocrx_word' id='word_1_117' title='bbox 369 2925 533 3001; x_wconf 79' lang='lat' dir='ltr'><strong>secundo</strong></span> <span class='ocrx_word' id='word_1_118' title='bbox 566 2925 664 3016; x_wconf 80' lang='lat' dir='ltr'><strong>basi,</strong></span> <span class='ocrx_word' id='word_1_119' title='bbox 698 2925 814 3000; x_wconf 88' lang='lat' dir='ltr'><strong>tertio</strong></span> <span class='ocrx_word' id='word_1_120' title='bbox 847 2938 1030 3026; x_wconf 77' lang='lat' dir='ltr'><strong>sextoque</strong></span> <span class='ocrx_word' id='word_1_121' title='bbox 1057 2925 1174 3015; x_wconf 86' lang='lat' dir='ltr'><strong>flavis,</strong></span> 
     </span>
     <span class='ocr_line' id='line_1_22' title="bbox 114 3043 1175 3146; baseline 0.001 -30"><span class='ocrx_word' id='word_1_122' title='bbox 114 3043 275 3146; x_wconf 79' lang='lat' dir='ltr'><strong>»quinto</strong></span> <span class='ocrx_word' id='word_1_123' title='bbox 303 3046 469 3146; x_wconf 80' lang='lat' dir='ltr'><strong>margine</strong></span> <span class='ocrx_word' id='word_1_124' title='bbox 491 3045 626 3121; x_wconf 77' lang='lat' dir='ltr'><strong>flavo«</strong></span> <span class='ocrx_word' id='word_1_125' title='bbox 678 3044 777 3119; x_wconf 85' lang='lat' dir='ltr'><strong>Mihi</strong></span> <span class='ocrx_word' id='word_1_126' title='bbox 804 3059 930 3120; x_wconf 87' lang='lat' dir='ltr'><strong>autem</strong></span> <span class='ocrx_word' id='word_1_127' title='bbox 954 3069 1175 3146; x_wconf 83' lang='lat' dir='ltr'><strong>persuasum</strong></span> 
     </span>
     <span class='ocr_line' id='line_1_23' title="bbox 115 3162 1176 3268; baseline -0.006 -26"><span class='ocrx_word' id='word_1_128' title='bbox 115 3179 183 3254; x_wconf 76' lang='lat' dir='ltr'><strong>est,</strong></span> <span class='ocrx_word' id='word_1_129' title='bbox 198 3163 427 3256; x_wconf 85' lang='lat' dir='ltr'><strong>Fabricium,</strong></span> <span class='ocrx_word' id='word_1_130' title='bbox 439 3191 526 3240; x_wconf 89' lang='lat' dir='ltr'><strong>cum</strong></span> <span class='ocrx_word' id='word_1_131' title='bbox 539 3166 722 3266; x_wconf 78' lang='lat' dir='ltr'><strong>segmenti</strong></span> <span class='ocrx_word' id='word_1_132' title='bbox 737 3164 888 3268; x_wconf 87' lang='lat' dir='ltr'><strong>septimi</strong></span> <span class='ocrx_word' id='word_1_133' title='bbox 904 3163 1045 3239; x_wconf 87' lang='lat' dir='ltr'><strong>nullam</strong></span> <span class='ocrx_word' id='word_1_134' title='bbox 1060 3162 1176 3237; x_wconf 86' lang='lat' dir='ltr'><strong>faciat</strong></span> 
     </span>
     <span class='ocr_line' id='line_1_24' title="bbox 113 3283 1177 3388; baseline -0.001 -28"><span class='ocrx_word' id='word_1_135' title='bbox 113 3283 363 3375; x_wconf 86' lang='lat' dir='ltr'><strong>mentionem,</strong></span> <span class='ocrx_word' id='word_1_136' title='bbox 396 3285 469 3360; x_wconf 87' lang='lat' dir='ltr'><strong>hoc</strong></span> <span class='ocrx_word' id='word_1_137' title='bbox 503 3311 574 3388; x_wconf 86' lang='lat' dir='ltr'><strong>pro</strong></span> <span class='ocrx_word' id='word_1_138' title='bbox 609 3301 732 3377; x_wconf 82' lang='lat' dir='ltr'><strong>sexto,</strong></span> <span class='ocrx_word' id='word_1_139' title='bbox 768 3298 914 3360; x_wconf 86' lang='lat' dir='ltr'><strong>sextum</strong></span> <span class='ocrx_word' id='word_1_140' title='bbox 947 3299 1073 3359; x_wconf 88' lang='lat' dir='ltr'><strong>autem</strong></span> <span class='ocrx_word' id='word_1_141' title='bbox 1105 3306 1177 3386; x_wconf 86' lang='lat' dir='ltr'><strong>pro</strong></span> 
     </span>
     <span class='ocr_line' id='line_1_25' title="bbox 116 3404 458 3509; baseline 0 -27"><span class='ocrx_word' id='word_1_142' title='bbox 116 3406 251 3509; x_wconf 89' lang='lat' dir='ltr'><strong>quinto</strong></span> <span class='ocrx_word' id='word_1_143' title='bbox 270 3404 458 3481; x_wconf 82' lang='lat' dir='ltr'><strong>habuisse.</strong></span> 
     </span>
    </p>

    <p class='ocr_par' dir='ltr' id='par_1_10' title="bbox 114 3524 1180 4110">
     <span class='ocr_line' id='line_1_26' title="bbox 140 3524 1176 3605; baseline 0.002 -7"><span class='ocrx_word' id='word_1_144' title='bbox 140 3577 144 3585; x_wconf 33' lang='grc' dir='ltr'><strong><em>ι</em></strong></span> <span class='ocrx_word' id='word_1_145' title='bbox 192 3528 285 3599; x_wconf 93' lang='lat' dir='ltr'><strong>Icon</strong></span> <span class='ocrx_word' id='word_1_146' title='bbox 300 3524 407 3602; x_wconf 82' lang='lat' dir='ltr'><strong>Ichn.</strong></span> <span class='ocrx_word' id='word_1_147' title='bbox 422 3533 623 3605; x_wconf 83' lang='lat' dir='ltr'><strong>sarcitorii</strong></span> <span class='ocrx_word' id='word_1_148' title='bbox 638 3525 797 3603; x_wconf 86' lang='lat' dir='ltr'><strong>Christii</strong></span> <span class='ocrx_word' id='word_1_149' title='bbox 818 3553 839 3601; x_wconf 90' lang='lat' dir='ltr'><strong>e</strong></span> <span class='ocrx_word' id='word_1_150' title='bbox 863 3524 1008 3601; x_wconf 87' lang='lat' dir='ltr'><strong>Sulzeri</strong></span> <span class='ocrx_word' id='word_1_151' title='bbox 1032 3526 1176 3602; x_wconf 85' lang='lat' dir='ltr'><strong>Kennz.</strong></span> 
     </span>
     <span class='ocr_line' id='line_1_27' title="bbox 114 3647 1179 3747; baseline 0.001 -27"><span class='ocrx_word' id='word_1_152' title='bbox 114 3659 285 3720; x_wconf 83' lang='lat' dir='ltr'><strong>mutuata</strong></span> <span class='ocrx_word' id='word_1_153' title='bbox 307 3659 380 3734; x_wconf 87' lang='lat' dir='ltr'><strong>est,</strong></span> <span class='ocrx_word' id='word_1_154' title='bbox 410 3647 583 3747; x_wconf 84' lang='lat' dir='ltr'><strong>neglecto</strong></span> <span class='ocrx_word' id='word_1_155' title='bbox 603 3663 730 3726; x_wconf 89' lang='lat' dir='ltr'><strong>tamen</strong></span> <span class='ocrx_word' id='word_1_156' title='bbox 753 3647 917 3722; x_wconf 83' lang='lat' dir='ltr'><strong>scutello</strong></span> <span class='ocrx_word' id='word_1_157' title='bbox 935 3647 1044 3722; x_wconf 78' lang='lat' dir='ltr'><strong>flavo</strong></span> <span class='ocrx_word' id='word_1_158' title='bbox 1099 3647 1179 3721; x_wconf 88' lang='lat' dir='ltr'><strong>Dc-</strong></span> 
     </span>
     <span class='ocr_line' id='line_1_28' title="bbox 118 3765 1180 3868; baseline 0.002 -30"><span class='ocrx_word' id='word_1_159' title='bbox 118 3765 277 3866; x_wconf 83' lang='lat' dir='ltr'><strong>scriptio</strong></span> <span class='ocrx_word' id='word_1_160' title='bbox 305 3781 429 3840; x_wconf 87' lang='lat' dir='ltr'><strong>autem</strong></span> <span class='ocrx_word' id='word_1_161' title='bbox 450 3767 643 3844; x_wconf 71' lang='lat' dir='ltr'><strong>lerneam.</strong></span> <span class='ocrx_word' id='word_1_162' title='bbox 666 3773 882 3856; x_wconf 70' lang='lat' dir='ltr'><strong>sarcitorit</strong></span> <span class='ocrx_word' id='word_1_163' title='bbox 910 3793 1021 3868; x_wconf 88' lang='lat' dir='ltr'><strong>quam</strong></span> <span class='ocrx_word' id='word_1_164' title='bbox 1049 3766 1180 3841; x_wconf 84' lang='lat' dir='ltr'><strong>Christ</strong></span> 
     </span>
     <span class='ocr_line' id='line_1_29' title="bbox 116 3883 1179 3991; baseline 0 -29"><span class='ocrx_word' id='word_1_165' title='bbox 116 3911 153 3987; x_wconf 87' lang='lat' dir='ltr'><strong>p.</strong></span> <span class='ocrx_word' id='word_1_166' title='bbox 171 3889 248 3963; x_wconf 81' lang='grc'><strong>844</strong></span> <span class='ocrx_word' id='word_1_167' title='bbox 263 3884 398 3974; x_wconf 88' lang='lat' dir='ltr'><strong>edidit,</strong></span> <span class='ocrx_word' id='word_1_168' title='bbox 427 3883 527 3962; x_wconf 88' lang='lat' dir='ltr'><strong>haud</strong></span> <span class='ocrx_word' id='word_1_169' title='bbox 547 3887 594 3961; x_wconf 91' lang='lat' dir='ltr'><strong>ad</strong></span> <span class='ocrx_word' id='word_1_170' title='bbox 609 3888 705 3963; x_wconf 91' lang='lat' dir='ltr'><strong>hanc</strong></span> <span class='ocrx_word' id='word_1_171' title='bbox 721 3886 904 3991; x_wconf 83' lang='lat' dir='ltr'><strong>speciem,</strong></span> <span class='ocrx_word' id='word_1_172' title='bbox 932 3887 997 3962; x_wconf 83' lang='lat' dir='ltr'><strong>sed</strong></span> <span class='ocrx_word' id='word_1_173' title='bbox 1011 3889 1057 3962; x_wconf 88' lang='lat' dir='ltr'><strong>ad</strong></span> <span class='ocrx_word' id='word_1_174' title='bbox 1070 3889 1179 3965; x_wconf 80' lang='lat' dir='ltr'><strong>Icltn.</strong></span> 
     </span>
     <span class='ocr_line' id='line_1_30' title="bbox 117 4005 1180 4110; baseline 0.002 -28"><span class='ocrx_word' id='word_1_175' title='bbox 117 4011 369 4085; x_wconf 74' lang='lat' dir='ltr'><strong>sarcitortum</strong></span> <span class='ocrx_word' id='word_1_176' title='bbox 384 4006 726 4110; x_wconf 64' lang='lat' dir='ltr'><strong>tinneimostram</strong></span> <span class='ocrx_word' id='word_1_177' title='bbox 742 4035 778 4086; x_wconf 89' lang='lat' dir='ltr'><strong>n.</strong></span> <span class='ocrx_word' id='word_1_178' title='bbox 792 4009 897 4107; x_wconf 78' lang='lat'>105),</span> <span class='ocrx_word' id='word_1_179' title='bbox 912 4005 1045 4087; x_wconf 75' lang='lat' dir='ltr'><strong>referri</strong></span> <span class='ocrx_word' id='word_1_180' title='bbox 1058 4008 1180 4087; x_wconf 85' lang='lat' dir='ltr'><strong>dehet.</strong></span> 
     </span>
    </p>
   </div>
   <div class='ocr_carea' id='block_1_5' title="bbox 0 0 1407 4624">
    <p class='ocr_par' dir='ltr' id='par_1_11' title="bbox 0 0 1407 4624">
     <span class='ocr_line' id='line_1_31' title="bbox 0 0 1407 4624; baseline 0 0"><span class='ocrx_word' id='word_1_181' title='bbox 0 0 1407 4624; x_wconf 95' lang='lat' dir='ltr'><strong> </strong></span> 
     </span>
    </p>
   </div>
  </div>
 </body>
</html>
