2788 4624
236 199 316 274 292
628 203 896 272 normannus

238 379 428 484 designari
436 377 611 484 possins,
635 373 1005 480 quibastareeautur.
1021 415 1031 440 τ
1046 381 1197 462 ‹Merss
1216 384 1309 486 qaia

236 502 322 578 dein
352 502 583 590 exterserit,
597 504 1057 602 reprobaturum&
1081 503 1307 602 (namreli.

235 645 393 725 quarum
409 621 619 724 specierum
638 644 760 694 mares
780 619 902 695 adhuc
921 620 1306 721 lamustconnmter

235 741 436 829 differunt3
475 735 727 829 differentias:
751 756 1050 829 corum-sautem
1089 745 1222 822 colore
1261 760 1304 822 et

233 862 384 965 pictura
407 861 546 963 padum
564 875 603 934 ct
626 858 858 953 ultimorum·
871 875 1150 963 segmentorum
1170 863 1304 941 nitun-

232 996 312 1072 tur,
341 981 366 1056 i.
391 1007 424 1056 e.
450 980 566 1070 notis,
595 1003 692 1081 quae
713 977 754 1052 in
781 976 933 1056 feminis
960 981 1070 1064 valde
1095 983 1301 1064 variabiles

232 1117 319 1186 sunt
334 1085 525 1178 etsensim
540 1097 755 1202 sensimque
768 1113 972 1178 mutantur
1008 1101 1151 1176 Forsan
1164 1100 1299 1203 itaque

230 1222 401 1308 accidere
432 1234 560 1324 posset
589 1233 647 1309 ut,
678 1217 882 1294 individuis
916 1219 1089 1323 pluribus
1109 1221 1299 1300 'masculis

228 1341 398 1444 repertis,
413 1339 453 1414 hi
466 1339 701 1414 characteres
714 1337 924 1416 distinctim
938 1339 1158 1418 immanibus
1167 1365 1299 1443 aequo

229 1460 430 1540 variabiles
451 1481 490 1533 se
511 1473 745 1559 praestarent
758 1485 801 1533 ao
815 1459 855 1533 iu
870 1457 1034 1536 feminis.
1090 1459 1209 1541 Color
1228 1485 1298 1538 aa·

227 1596 427 1658 termarum
450 1573 491 1649 in
512 1573 677 1652 maribus
692 1578 800 1655 Ialn.
814 1586 984 1682 raptorii
995 1578 1216 1658 carinum
1227 1581 1296 1658 De

219 1704 383 1805 seminis
397 1690 490 1773 liaeo
503 1695 688 1772 monenda
702 1713 806 1773 sunt:
839 1699 1018 1776 Feminae
1031 1697 1143 1776 Ichn.
1157 1715 1295 1812 trutten-⁴

226 1829 324 1898 sorti
340 1817 512 1905 variant,·
529 1829 607 1890 tam
619 1817 874 1894 crassitudine
887 1835 1150 1906 antennarum,
1179 1845 1294 1919 quam

226 1943 356 2017 colore
370 1939 510 2042 pedum
533 1951 572 2012 et
587 1933 735 2038 pictura
757 1955 1034 2040 segmentorum
1050 1937 1291 2028 ultimoruma

227 2061 420 2138 individua
434 2071 560 2132 autem
571 2057 743 2134 antennis
758 2057 1021 2160 gracilioribus
1037 2058 1193 2160 propius
1211 2057 1292 2160 jam

227 2180 410 2258 accedunt
443 2177 489 2252 ad
521 2177 630 2255 lehn.
667 2185 884 2280 ruptarium
917 2192 958 2282 et
977 2180 1288 2278 gracilicornem.

224 2300 424 2386 Indiuidua
444 2298 628 2373 nonnulla
648 2297 758 2375 chn.
783 2297 1012 2396 confusorii,
1039 2297 1169 2380 colore
1189 2299 1288 2373 flavo

226 2420 407 2495 tibiarum
433 2417 472 2491 in
494 2419 739 2492 stramineum
763 2433 961 2520 vergente,
987 2415 1067 2494 fere
1091 2433 1289 2494 transeunt

221 2539 261 2638 in
277 2541 302 2614 I
302 2537 385 2614 ctn.
405 2543 618 2613 extensorii
630 2533 825 2612 individua
844 2535 950 2612 tibiis
963 2537 1095 2612 subtus
1110 2536 1287 2612 barisan-

221 2657 342 2759 tibus,
369 2657 597 2758 plerumque
618 2669 744 2730 autem
765 2653 874 2732 chn.
896 2661 1138 2734 extensorius
1156 2684 1177 2730 a
1198 2685 1287 2735 con·

212 2780 356 2881 fusore
370 2775 570 2877 segmentis
586 2771 676 2850 solis
693 2783 798 2852 6et7
814 2775 1099 2852 albomaculatis
1110 2776 1283 2867 discedit,

218 2897 469 2976 Iclsneumoni
481 2900 658 3000 raptorio
671 2894 786 2970 etiam
808 2895 998 2972 interdum
1020 2896 1136 2971 tibiae
1150 2898 1285 2972 flaves-

219 3031 321 3093 cunt.
375 3015 484 3094 chn.
515 3017 680 3092 silaceus
705 3013 828 3091 alfiuis
855 3031 912 3092 est
938 3015 1046 3092 Iclrn.
1070 3016 1285 3117 consusorir'

220 3134 416 3213 individuo
434 3134 641 3212 femoribus
660 3133 795 3210 anticis
812 3133 903 3210 totis
919 3135 1009 3211 rufis
1027 3150 1065 3210 et
1079 3135 1282 3236 segmentis

216 3267 302 3360 ,W
329 3265 353 3336 5
380 3255 653 3330 flavicantibus.
710 3252 916 3331 Observavi
942 3268 1084 3344 autem,
1112 3256 1280 3332 colorem

216 3379 354 3453 flavum
383 3375 522 3479 pedum
553 3389 592 3450 et
626 3372 836 3449 abdominis
868 3389 990 3452 morte
1021 3374 1209 3451 interdum
1239 3376 1279 3452 in

216 3496 458 3573 stramineum
484 3508 551 3570 aut
578 3493 907 3570 stramineorulum
931 3494 1113 3571 converti.
1166 3493 1275 3570 chn.

216 3621 430 3718 confusorii
456 3612 667 3704 individua,
696 3616 897 3715 segmentis
923 3623 949 3694 2
974 3628 1014 3690 et
1036 3624 1060 3694 3
1086 3613 1277 3691 dilutiori-

214 3735 285 3811 bns
307 3751 346 3811 et
366 3731 645 3821 flavicantibus,
674 3740 943 3812 terminatorio
959 3733 1273 3836 adpropinquant.
1362 3718 1363 3748 ¹

212 3856 519 3942 Ichnsilaceus,
545 3867 704 3956 propter
716 3868 896 3931 antennas
913 3851 1149 3953 graciliores,
1178 3855 1275 3930 indi-

211 3974 334 4051 viduis
358 3972 552 4050 nonnullis
568 3979 738 4073 raptorii
751 3987 789 4048 et
803 3979 1016 4052 exterserit
1028 3973 1188 4048 confinis
1204 3989 1270 4050 est.
