2764 4614
427 207 530 261 rats.
557 191 589 274 Ι,
618 207 731 260 saer.
760 209 815 260 ιιι.
1077 193 1156 271 225

83 369 232 448 orbitas
248 369 452 449 terticnles
477 363 592 461 albis,
607 373 787 475 feminae
811 373 946 450 orbitis
972 368 1035 452 iel
1061 377 1153 458 solis

82 490 316 568 frontalibus
337 507 378 570 et
402 490 665 584 verticuli-bus,
692 495 754 572 vel
784 494 976 584 omnihus,
1003 491 1154 601 semper

84 629 253 690 attamen
273 611 515 716 interruptis,
542 613 649 689 albis.
703 614 906 692 Antennoe
925 623 1044 695 maris
1062 619 1152 694 arti·

86 734 178 810 culo
197 733 323 836 primo
338 731 469 808 subtus
488 734 553 808 uel
567 747 652 834 toto
667 734 755 810 albo
770 735 830 810 vel
844 749 990 812 tantum
1007 765 1060 842 pu

86 855 238 930 minuto
264 853 371 943 albo,
387 854 565 958 seminus
587 851 756 931 articulis
777 858 1031 935 9-14-15
1054 754 1152 938 zi

87 974 221 1050 subtus
238 973 367 1063 fuscis,
394 973 638 1076 sequentibus
655 973 786 1050 subtus
801 971 929 1050 fuscis.
983 950 1153 1054 Thorax

85 1108 234 1198 puncto
253 1091 350 1170 infru
370 1081 465 1184 alas,
493 1094 690 1198 alteroque
709 1121 776 1171 seu
796 1094 938 1171 lineola
957 1107 1044 1172 ante
1063 1096 1152 1186 alas,

87 1215 199 1290 albis,
254 1213 470 1293 Scutellum
488 1213 597 1318 apice
611 1214 763 1305 album,
791 1215 982 1290 interdum
1001 1213 1158 1292 feminis

37 1381 45 1401 ·
84 1349 236 1410 tantum
270 1332 422 1436 punctis
454 1334 601 1426 duobus
626 1335 782 1436 minutis
809 1334 1018 1439 apiculibus
1046 1336 1161 1429 albis·

86 1453 184 1531 mari
206 1453 328 1530 rarius
354 1467 479 1530 totum
499 1456 640 1532 album.
736 1460 798 1534 loe
818 1451 1153 1558 fumatohyalinue,

87 1575 265 1680 stigmate
276 1573 383 1650 radio
397 1574 524 1652 radice
536 1589 576 1652 et
589 1575 787 1678 squamula
805 1575 920 1652 fuscis
939 1593 1004 1652 aut
1019 1561 1154 1680 nigris,

86 1695 184 1772 mari
206 1695 271 1772 rel
289 1709 435 1798 puncto
455 1696 693 1797 squamulae,
720 1697 782 1772 vel
802 1697 997 1798 squamula
1014 1711 1096 1772 tota
1115 1711 1157 1774 et

86 1827 236 1918 puncto
251 1814 400 1905 radicis,
422 1815 531 1892 albis.
560 1814 684 1893 Pedes
696 1815 902 1892 femoribus
916 1816 1052 1892 anticis
1068 1817 1157 1893 sub·

87 1949 152 2010 tus
173 1933 238 2012 vel
258 1933 351 2010 totis
375 1935 454 2024 vel,
483 1934 522 2010 in
546 1935 740 2011 nonnullis
754 1933 922 2022 seminis,
950 1935 1155 2036 apicesolo

89 2053 246 2130 sordide
259 2051 394 2129 albidis
408 2065 474 2138 aut
487 2053 885 2156 albido-ietrugineis,
912 2053 1046 2130 mediis
1060 2053 1155 2127 mari
1289 2124 1293 2136 ,

91 2173 227 2250 subtus
255 2173 365 2276 apice
389 2171 518 2251 albido
545 2189 611 2251 aut
636 2170 859 2255 stramineos
884 2171 992 2248 tibiis
1020 2172 1155 2248 enticis

91 2293 203 2383 albis,
222 2309 378 2371 externe
392 2293 508 2396 nigris
524 2295 665 2370 annulo
680 2293 767 2370 albo
782 2309 869 2371 ante
882 2291 1001 2382 basin,
1021 2291 1157 2386 mediis

91 2414 212 2518 nigris
232 2413 374 2490 annulo
394 2414 483 2490 albo
510 2429 598 2489 ante
620 2413 745 2505 basin,
768 2411 863 2490 mari
888 2411 1037 2488 interne
1063 2427 1157 2488 stra·
1265 2461 1284 2510 .;·

92 2533 356 2637 mincopiceis,
371 2533 530 2636 posticis
547 2533 662 2636 nigris
677 2534 819 2612 annulo
832 2532 921 2609 albo
935 2547 1022 2608 ante
1035 2531 1153 2608 basin.

91 2641 299 2734 Abdomen
313 2653 662 2756 coeruleonigrum,
690 2653 937 2732 subtilissime
955 2666 1157 2756 punctum,
1224 2674 1226 2680 ’

89 2773 247 2850 feminis
266 2773 386 2849 rarius
406 2773 742 2876 violacconigrum.

171 2894 298 2970 Mares
318 2907 358 2969 et
379 2892 543 2971 feminae
569 2893 708 2996 passim
729 2893 770 2971 in
789 2893 955 2983 Silesia,
979 2891 1160 3002 Locutio,

89 3015 264 3093 Ameria
280 3012 383 3117 capti
400 3027 499 3090 sunt.
553 3015 640 3118 lpse
661 3039 803 3091 marem
822 3012 909 3117 cepi
928 3039 988 3089 me
1028 3035 1048 3098 g
1068 3013 1162 3113 Sep·

90 3133 252 3210 tembris
273 3132 313 3209 in
332 3133 539 3226 fruticetis,
567 3134 747 3212 feminam
773 3133 908 3210 eodem
929 3147 968 3207 te
997 3156 1102 3239 ¹pore
1121 3131 1161 3206 in
1264 3218 1271 3236 ι

92 3277 197 3356 sepe,
219 3279 342 3357 prope
358 3255 401 3332 V
397 3258 641 3334 turbinatam
648 3284 663 3343 ,·
687 3253 878 3343 seminam,
904 3235 1163 3374 cirtb'Netley
1245 3283 1248 3294 ·

94 3389 263 3476 captam,
289 3371 401 3478 Hope
420 3375 638 3453 transmisit.

488 3597 777 3674 varietates:

179 3739 215 3810 1.
243 3720 397 3810 Puncto
416 3730 506 3812 atho
530 3735 639 3834 iufra
657 3735 746 3810 atas
765 3727 978 3831 deficiente.
1010 3728 1036 3806 f.

176 3849 342 3928 Unicum
373 3851 610 3930 individuum
639 3851 726 3954 cepi
755 3850 818 3928 die
848 3845 1103 3930 stortobris
1128 3847 1169 3923 in

104 3981 214 4046 strue
234 3969 427 4072 lignorum
447 3996 568 4076 prope
592 3972 635 4053 V
633 3973 886 4051 rattsluviam.

132 4127 137 4136 ·
175 4101 266 4158 lehn.
286 4105 396 4178 Europ.
414 4105 484 4162 Pars
501 4105 527 4161 1.
839 4093 888 4171 15

57 4263 155 4412 *sa
