2788 4624
245 155 323 230 884
639 171 908 226 roananrnon

348 337 511 414 Unicum
562 337 800 417 individuum
840 363 1026 440 gennente
1070 367 1096 416 n
1140 337 1311 443 Spinolo

243 457 463 536 transmisit.

633 715 920 794 Varietatesz

327 860 360 932 1.
386 852 591 954 Segmento
616 859 642 930 7
666 867 750 930 toto
778 861 901 955 nigro.
929 879 978 929 m.
1005 895 1058 912 -
1083 851 1310 954 Longitndo

245 983 269 1055 8
287 971 483 1050 linearum.
538 971 694 1048 Caetera
715 971 813 1048 sicut
831 974 877 1050 in.
892 1000 994 1049 mare
1011 975 1188 1075 genuino,

321 1096 426 1169 Hane
459 1093 680 1170 varietatem
701 1091 1020 1197 pedemontanam
1050 1095 1203 1172 Bonelli
1225 1119 1311 1170 me-

245 1241 332 1294 eum
352 1213 655 1292 communicavit.

321 1432 356 1501 2.
383 1422 599 1524 Segmentis
613 1428 727 1502 4-7
741 1427 978 1524 totisnigris.
1005 1449 1055 1497 m.
1082 1461 1135 1478 -
1160 1419 1308 1519 Longi-

245 1541 341 1620 ando
362 1551 475 1622 7-8
501 1542 698 1620 linearum.
750 1541 952 1621 Abdomen
976 1555 1169 1644 segmento
1191 1549 1219 1618 2
1239 1539 1307 1614 vel

244 1659 326 1736 basi
338 1661 444 1738 fulvo
459 1662 567 1764 apice
581 1663 699 1765 nigre,
727 1662 790 1738 vel
803 1662 1009 1740 flavofulvo
1023 1658 1169 1736 macula
1182 1673 1308 1734 trans-

244 1779 382 1856 versali
410 1781 606 1884 marginali
631 1783 753 1884 nigra;
790 1793 813 1863 8
841 1783 964 1858 flavo·
991 1796 1055 1857 aut
1084 1777 1309 1854 stramineo-

243 1899 347 1991 rulo‚
375 1902 437 1978 vel
458 1903 624 2006 margine
647 1903 866 2007 pallidiore,
892 1902 954 1978 vel
976 1901 1143 2002 margine
1157 1923 1307 1976 summo

245 2037 311 2096 aut
343 2023 494 2122 punctis
528 2023 674 2100 duobus
705 2021 972 2128 marginalibus
1011 2018 1306 2122 nigricantibus3

243 2145 270 2220 4
284 2141 346 2218 vel
360 2141 501 2220 lineola
513 2143 752 2221 transversali
769 2141 965 2246 marginali
986 2139 1133 2218 laterali
1156 2140 1307 2214 strami-

244 2287 314 2336 nea
327 2261 389 2340 vel
404 2281 546 2366 puncto
561 2265 760 2342 flavicante
781 2266 821 2341 in
841 2261 987 2365 angulis
1008 2261 1159 2348 baseos3
1186 2262 1304 2338 5-7

241 2378 335 2455 totis
358 2382 486 2483 nigris.
542 2386 700 2463 Caetera
721 2385 821 2462 sicut
842 2384 882 2459 in
899 2409 1000 2458 mare
1021 2381 1197 2484 genuino.

246 2574 250 2582 ,
321 2498 561 2577 Individuum
596 2532 712 2582 unum
743 2505 1062 2608 pedemontanam
1095 2500 1305 2578 transmisit

243 2617 416 2708 Bonellr',
441 2622 601 2698 alterum
615 2624 785 2702 Bessere
802 2627 843 2704 V
840 2624 1023 2726 olhynio,
1047 2621 1203 2700 tertium
1222 2619 1303 2698 vidi

243 2735 284 2812 in
305 2765 436 2816 museo
456 2746 619 2824 Comitis
638 2745 687 2824 da
706 2743 1027 2848 Hoffmomrsegg.

633 3053 910 3160 synonymae

239 3217 351 3298 Icta.
365 3223 667 3306 xantlozosmas
684 3227 874 3308 Gravenh.
891 3225 1039 3304 Pedem.
1056 3253 1092 3301 n.
1109 3225 1171 3306 54.
