2728 4618
234 199 310 274 142
629 211 899 266 rcuneuuon

645 377 877 455 Varietasz

314 499 373 579 1.?
412 498 526 575 Facie
560 495 629 574 sub
662 498 835 573 antennis
869 498 992 600 nigra3
1024 500 1167 576 vertice
1200 499 1303 575 sub-

232 619 483 700 transversuli.
517 661 570 676 -
600 617 821 717 Longitudo
854 618 1097 696 4lincarum.
1161 625 1303 724 Caput

233 746 428 847 aliquanto
439 738 551 814 letius
571 752 628 814 est
642 765 753 842 quam
768 738 807 812 in
823 739 949 840 specie
962 739 1133 840 genuina.
1186 742 1303 818 Tho-
1352 817 1353 844 g

234 891 315 946 racc
339 861 430 936 colli
458 857 656 947 lateribus,
683 873 826 959 puncto
855 874 942 935 ante
970 860 1064 950 alas,
1093 861 1301 962 alteroque

233 986 330 1063 infra
346 984 434 1071 alas,
462 979 569 1054 albis.
624 977 746 1056 Pedes
760 977 863 1052 coxis
878 979 1011 1054 enticis
1029 981 1144 1082 nigris
1157 980 1299 1056 subtus

232 1106 347 1194 albis,
379 1101 512 1178 mediis
546 1096 658 1201 spice
686 1098 794 1174 albis.
859 1098 1062 1178 Abdomen
1095 1116 1298 1202 segmento

234 1227 357 1330 primo
383 1222 507 1298 minus
537 1243 670 1321 aspero
690 1204 889 1321 minusque
912 1245 1081 1298 convexo
1108 1247 1222 1324 quam
1251 1223 1299 1297 in
1352 1245 1353 1248 ’

234 1344 361 1450 specie
382 1339 559 1445 genuina,
587 1341 749 1439 septimo
770 1340 877 1442 apice
895 1339 1036 1416 elbido.

302 1465 384 1538 Hoc
399 1461 550 1537 unicum
565 1459 810 1549 individuum,
827 1461 925 1535 notis
941 1461 1113 1563 pluribus
1128 1487 1147 1534 a
1162 1459 1298 1563 specie

233 1561 396 1688 genuini
417 1581 628 1666 discedens,
656 1577 820 1680 indeque
839 1579 966 1654 forsan
985 1607 1056 1683 pro
1076 1581 1203 1683 specie
1223 1607 1296 1682 pe·
1352 1585 1353 1590 ’

234 1703 370 1779 culiari
400 1700 682 1790 declarandum,
724 1698 773 1777 ob
807 1697 1004 1778 Uecbtritz
1036 1727 1155 1806 prope
1187 1703 1295 1779 Lou—
1352 1697 1353 1700 ¹

231 1849 359 1926 genoe
372 1822 485 1925 cepit.

545 2103 599 2166 20.
642 2091 670 2158 I.
692 2089 906 2157 SPINIGER.
950 2115 985 2158 rr.

435 2261 533 2330 Coxis
554 2261 693 2352 posticis
715 2261 900 2346 calcarutis3
928 2272 1144 2329 antennarum
1165 2261 1291 2330 annulo

435 2361 522 2431 elbo,
563 2361 587 2428 f.

309 2536 480 2614 Statura
495 2549 534 2610 et
548 2533 746 2636 proportio
761 2536 927 2638 partium
938 2537 1207 2614 Ichneumonr's
1224 2563 1293 2613 un-

233 2659 449 2743 nulotorisr
475 2658 541 2733 sed
568 2657 670 2732 coxis
699 2657 858 2757 posticis
884 2657 1080 2734 calcarnis
1102 2657 1231 2733 differt
1251 2673 1291 2734 et

231 2778 349 2880 magis
369 2804 455 2852 cum
477 2777 604 2881 specie
625 2791 806 2878 sequente
826 2779 1017 2879 congruit,
1046 2803 1143 2881 quae
1164 2791 1289 2852 autem

232 2897 361 2974 colore
381 2909 420 2971 et
437 2912 578 2974 stature
595 2911 677 2973 tota
696 2894 896 2998 greciliore
915 2897 1087 2973 discedit.

307 3017 529 3116 Longitudo
551 3019 615 3112 37,
640 3016 834 3093 linearum.
887 3018 1091 3096 Antennoe
1117 3015 1287 3092 articulis

234 3142 397 3218 10-14
417 3137 524 3214 olbis
576 3135 1028 3238 Alocfumrtohysliuee3
1055 3138 1228 3240 stigmate
1247 3151 1289 3216 et

135 3253 140 3265 '
230 3257 337 3334 radio
352 3255 486 3348 fuscis,
511 3257 638 3335 radice
651 3257 777 3360 picea,
804 3259 1133 3362 squamulsnigre,
1162 3259 1286 3334 areola

231 3377 583 3480 quinqueanguluri.
636 3378 757 3456 Pedes
778 3379 893 3454 antici
917 3381 1023 3455 tibiis
1044 3379 1155 3454 tarsis
1175 3394 1214 3454 et
1232 3377 1286 3453 fe-

230 3523 379 3574 morum
411 3499 519 3602 apice
555 3497 790 3600 ferrugineis.
855 3498 1057 3578 Abdomen
1098 3498 1286 3575 subtiliter

231 3633 432 3719 punctum
460 3633 652 3720 segmento
680 3606 844 3694 secundo
872 3645 1017 3696 summo
1037 3621 1205 3722 margine
1224 3645 1286 3694 ru-

230 3735 417 3826 fescente,
446 3738 607 3839 septimo
629 3737 797 3838 margine
818 3738 913 3813 rufo.

308 3858 400 3932 Duo
422 3855 614 3932 individua
639 3857 797 3934 Richter
816 3873 855 3932 et
874 3859 1046 3960 Mungrr
1064 3859 1105 3936 in
1125 3857 1286 3962 regioni-

230 3973 301 4050 bus
321 3974 518 4052 altioribus
538 3976 703 4056 Silesiue
721 3993 915 4084 ceperunt.
