2654 4614
220 173 285 244 ,80
485 163 490 174 ’
662 188 710 241 rr.
740 189 858 242 anae.

232 354 344 446 heum
384 351 656 457 conjunctione
688 352 847 432 ulterius
887 352 1123 448 warinnam,
1165 369 1324 460 partes,

220 476 400 580 ‚apieales
438 475 635 561 amborum
673 500 874 554 nervorum
910 474 964 552 ita
997 476 1220 553 eoaleseunt
1254 491 1324 582 ut}

233 596 341 702 quasi
355 595 544 700 petiolum
556 593 769 685 exhibeant,
788 621 864 698 quo
877 597 1004 674 areola
1017 597 1098 700 ipse
1112 621 1297 700 suspensa

233 743 316 796 ease
330 717 490 805 videtur,
512 741 609 820 quae
623 742 721 794 nune
734 721 923 820 petioloto
937 719 1019 821 (fig.
1040 717 1106 817 15)
1122 717 1297 792 nomina·
1323 709 1324 776 Ῡ

231 853 320 928 tum.
347 853 454 941 patet
478 851 619 927 antem,
647 835 919 938 conjunctione
944 838 1096 940 longius
1123 836 1297 940 longius·

221 985 309 1062 ¹que
333 959 569 1048 continuata,
601 958 766 1038 areolam
789 957 920 1060 ipram
950 959 1102 1036 tandem
1132 973 1294 1062 'prorsus

230 1107 455 1161 evanescere
481 1080 631 1158 debore.
684 1081 819 1158 Areole
845 1080 900 1156 ita
919 1078 1057 1156 sensim
1083 1093 1292 1182 angustata,

232 1201 339 1280 nervi
363 1200 539 1278 laterales
566 1201 720 1305 quidem
744 1200 827 1277 basi
854 1223 1025 1304 quoqne,
1054 1198 1194 1290 idest,
1224 1199 1292 1276 ubi

231 1321 391 1400 oellular
419 1320 643 1400 dieeoidales
674 1321 883 1424 attingunt,
917 1319 1294 1424 sensimndpropin-

219 1444 366 1546 ¹quent,
394 1468 583 1546 nunquam
603 1467 694 1518 vero
716 1468 737 1516 a
757 1440 838 1516 bosi
858 1439 940 1542 ipsa
958 1437 1179 1540 conjunctio
1194 1441 1294 1518 inci·

230 1563 307 1667 pit,
341 1561 506 1664 indeque
538 1589 728 1663 nunquam
761 1559 950 1664 petiolum
980 1561 1130 1638 areolae
1155 1587 1177 1638 e
1207 1561 1292 1637 basi

229 1681 345 1788 hujus
359 1682 561 1786 provenire
575 1682 738 1772 videbis,
764 1681 830 1758 sed
844 1705 993 1782 semper
1009 1707 1055 1756 ex
1070 1681 1153 1783 ejus
1166 1682 1287 1784 apice.
1323 1703 1324 1776 t

230 1803 287 1892 Si,
315 1829 472 1879 numero
502 1803 685 1892 seeundo,
723 1827 924 1878 nervorum
947 1801 1163 1878 lateralium
1191 1831 1288 1878 unus
1323 1853 1324 1898 ,

230 1923 392 2014 alterve,
419 1925 659 2026 ,plerumque
690 1921 872 2011 exterior,
913 1921 1050 1996 sensim
1082 1925 1286 2014 evanescit,

228 2044 386 2146 vestigia
405 2043 488 2146 ejus
508 2044 548 2120 in
567 2041 782 2142 membrana
795 2040 946 2144 hyalina
967 2042 1048 2116 alae
1061 2044 1148 2145 plus
1162 2045 1288 2121 minus

227 2166 431 2269 conspicue
446 2189 526 2241 esse
539 2165 680 2254 solent,
706 2177 782 2250 aut,
807 2162 976 2264 vestigiis
991 2161 1074 2264 ejus
1090 2164 1290 2266 pleneob-

226 2285 406 2376 literatis,
433 2285 591 2388 angulus
607 2284 780 2371 obtusus,
808 2283 848 2358 in
868 2307 984 2360 nervo
1006 2273 1187 2362 inferiore
1207 2286 1288 2362 cel·
1323 2273 1324 2330 l

225 2406 330 2483 lulee
349 2421 542 2496 externae,
570 2429 689 2506 prope
713 2404 820 2506 juxta
841 2403 1018 2480 cellulam
1039 2405 1288 2483 diseoidalem
1323 2449 1324 2486 t

225 2527 504 2615 intermediam,
531 2525 659 2602 locum
685 2525 844 2627 prodere
874 2526 990 2614 solet,
1020 2525 1119 2600 unde
1148 2553 1287 2603 nervus

225 2646 298 2724 ille
337 2648 524 2725 extinctus
558 2645 768 2735 oriebatur,
810 2671 842 2720 e.
877 2671 912 2747 g.
955 2647 997 2721 in
1030 2646 1286 2723 Hemitelibua

227 2767 310 2868 (fig.
331 2769 410 2865 16).
439 2767 558 2868 Saepe
571 2780 697 2842 entem
710 2765 858 2840 nullum
873 2763 1086 2866 vestigium,
1102 2792 1172 2842 ner
1188 2795 1287 2870 quo·
1323 2793 1324 2798 ’

224 2888 472 2990 queangulur
488 2886 576 2976 iste,
603 2901 787 2990 superest.
842 2883 1047 2976 Interdum,
1073 2887 1287 2966 loeoareo-

222 3005 299 3096 lae,
327 3022 510 3110 punctum
524 3006 759 3110 conspicitur
772 3003 1075 3106 nigro-fuscum,
1101 3031 1287 3084 corneum

223 3127 306 3230 (dg.
327 3130 395 3229 19)
409 3129 511 3230 quod
523 3127 584 3204 vel
599 3125 891 3202 econtractione
905 3126 1054 3204 areolae
1066 3125 1197 3218 totiuS,
1221 3131 1286 3208 rel

219 3249 525 3324 econtractione
551 3247 658 3326 nervi
681 3245 882 3348 simplicis,
910 3246 1087 3324 cellulam
1116 3253 1286 3326 exterio-

219 3395 301 3446 rem
323 3369 369 3444 ab
389 3369 570 3446 interiore
596 3367 844 3470 sejungentis,
870 3383 995 3443 ortum
1013 3393 1096 3444 esee
1116 3369 1281 3448 videtur.
1323 3397 1324 3476 j

219 3489 299 3564 Hae
325 3491 602 3580 contractione,
632 3515 743 3592 quam
769 3513 904 3564 nervus
930 3487 1089 3564 inferior
1116 3491 1283 3568 cellulae

219 3611 390 3700 radiulis,
416 3627 456 3688 et
476 3611 649 3714 superior
668 3607 832 3684 cellulae
858 3608 1077 3684 discoidalis
1102 3625 1282 3686 externae

219 3745 260 3806 et
272 3729 530 3820 intermediae,
557 3729 677 3806 secuti
693 3744 790 3818 sunt,
817 3727 1041 3819 factumest,
1071 3741 1122 3817 ut,
1154 3731 1281 3808 inille

216 3865 379 3953 puncto,
398 3849 708 3928 'cellularadialis
722 3875 810 3924 eum
822 3847 974 3924 cellulis
996 3849 1078 3922 istis
1093 3848 1283 3940 distaida·
1323 3925 1324 3960 ,

216 3967 320 4048 libus
337 3970 421 4052 lere
437 3971 479 4072 in
499 3985 717 4050 contactum
737 3968 920 4048 venerint.
955 3969 1110 4074 ¹meula
1126 3997 1282 4052 nervum
