<?xml version="1.0" encoding="UTF-8"?>
<!DOCTYPE html PUBLIC "-//W3C//DTD XHTML 1.0 Transitional//EN"
    "http://www.w3.org/TR/xhtml1/DTD/xhtml1-transitional.dtd">
<html xmlns="http://www.w3.org/1999/xhtml" xml:lang="en" lang="en">
 <head>
  <title>
</title>
<meta http-equiv="Content-Type" content="text/html;charset=utf-8" />
  <meta name='ocr-system' content='tesseract 3.04.00' />
  <meta name='ocr-capabilities' content='ocr_page ocr_carea ocr_par ocr_line ocrx_word'/>
</head>
<body>
  <div class='ocr_page' id='page_1' title='image "./ichneumonologia03gravgoog_0092.png"; bbox 0 0 2816 4614; ppageno 0'>
   <div class='ocr_carea' id='block_1_1' title="bbox 515 178 747 248">
    <p class='ocr_par' dir='ltr' id='par_1_1' title="bbox 515 178 747 248">
     <span class='ocr_line' id='line_1_1' title="bbox 515 178 747 248; baseline 0 -18"><span class='ocrx_word' id='word_1_1' title='bbox 515 181 540 248; x_wconf 66' lang='grc' dir='ltr'><strong>μ.</strong></span> <span class='ocrx_word' id='word_1_2' title='bbox 570 178 747 238; x_wconf 81' lang='lat' dir='ltr'><strong>auarus.</strong></span> 
     </span>
    </p>
   </div>
   <div class='ocr_carea' id='block_1_2' title="bbox 447 1247 818 1338">
    <p class='ocr_par' dir='ltr' id='par_1_2' title="bbox 447 1247 818 1338">
     <span class='ocr_line' id='line_1_2' title="bbox 447 1247 818 1338; baseline 0.005 -14"><span class='ocrx_word' id='word_1_3' title='bbox 447 1247 710 1338; x_wconf 58' lang='lat' dir='ltr'>CAPUT</span> <span class='ocrx_word' id='word_1_4' title='bbox 767 1249 818 1327; x_wconf 90' lang='grc' dir='ltr'><strong>ΙΙ.</strong></span> 
     </span>
    </p>
   </div>
   <div class='ocr_carea' id='block_1_3' title="bbox 104 1481 1161 1578">
    <p class='ocr_par' dir='ltr' id='par_1_3' title="bbox 104 1481 1161 1578">
     <span class='ocr_line' id='line_1_3' title="bbox 104 1481 1161 1578; baseline -0.005 -22"><span class='ocrx_word' id='word_1_5' title='bbox 104 1489 160 1556; x_wconf 79' lang='lat' dir='ltr'><strong>De</strong></span> <span class='ocrx_word' id='word_1_6' title='bbox 170 1487 461 1555; x_wconf 81' lang='lat' dir='ltr'><strong>Ichneumom‘dum</strong></span> <span class='ocrx_word' id='word_1_7' title='bbox 469 1491 685 1572; x_wconf 77' lang='lat' dir='ltr'><strong>genuinorum</strong></span> <span class='ocrx_word' id='word_1_8' title='bbox 700 1511 831 1578; x_wconf 81' lang='lat' dir='ltr'><strong>corpore</strong></span> <span class='ocrx_word' id='word_1_9' title='bbox 850 1490 987 1576; x_wconf 79' lang='lat' dir='ltr'><strong>ejusque</strong></span> <span class='ocrx_word' id='word_1_10' title='bbox 1000 1481 1161 1576; x_wconf 75' lang='lat' dir='ltr'><strong>partibus.</strong></span> 
     </span>
    </p>
   </div>
   <div class='ocr_carea' id='block_1_4' title="bbox 51 2171 1180 3969">
    <p class='ocr_par' dir='ltr' id='par_1_4' title="bbox 51 2171 1180 3969">
     <span class='ocr_line' id='line_1_4' title="bbox 103 2171 1167 2278; baseline 0.001 -34"><span class='ocrx_word' id='word_1_11' title='bbox 103 2237 106 2244; x_wconf 80' lang='grc'>,</span> <span class='ocrx_word' id='word_1_12' title='bbox 185 2175 353 2276; x_wconf 86' lang='lat' dir='ltr'><strong>Corpus,</strong></span> <span class='ocrx_word' id='word_1_13' title='bbox 378 2171 466 2275; x_wconf 90' lang='lat' dir='ltr'><strong>plns</strong></span> <span class='ocrx_word' id='word_1_14' title='bbox 491 2172 614 2249; x_wconf 89' lang='lat' dir='ltr'><strong>minus</strong></span> <span class='ocrx_word' id='word_1_15' title='bbox 634 2173 869 2278; x_wconf 79' lang='lat' dir='ltr'><strong>elongatum,</strong></span> <span class='ocrx_word' id='word_1_16' title='bbox 896 2171 1089 2278; x_wconf 90' lang='lat' dir='ltr'><strong>plerisque</strong></span> <span class='ocrx_word' id='word_1_17' title='bbox 1109 2181 1167 2246; x_wconf 88' lang='lat' dir='ltr'><strong>est</strong></span> 
     </span>
     <span class='ocr_line' id='line_1_5' title="bbox 108 2293 1166 2400; baseline -0.004 -30"><span class='ocrx_word' id='word_1_18' title='bbox 108 2294 250 2371; x_wconf 87' lang='lat' dir='ltr'><strong>nudum</strong></span> <span class='ocrx_word' id='word_1_19' title='bbox 269 2293 446 2384; x_wconf 89' lang='lat' dir='ltr'><strong>nitidum,</strong></span> <span class='ocrx_word' id='word_1_20' title='bbox 474 2293 662 2374; x_wconf 88' lang='lat' dir='ltr'><strong>interdum</strong></span> <span class='ocrx_word' id='word_1_21' title='bbox 682 2296 772 2400; x_wconf 91' lang='lat' dir='ltr'><strong>pilis</strong></span> <span class='ocrx_word' id='word_1_22' title='bbox 790 2295 967 2372; x_wconf 88' lang='lat' dir='ltr'><strong>brevibus</strong></span> <span class='ocrx_word' id='word_1_23' title='bbox 988 2293 1166 2370; x_wconf 79' lang='lat' dir='ltr'><strong>tenuibus</strong></span> 
     </span>
     <span class='ocr_line' id='line_1_6' title="bbox 107 2413 1167 2519; baseline -0.005 -28"><span class='ocrx_word' id='word_1_24' title='bbox 107 2416 246 2492; x_wconf 87' lang='lat' dir='ltr'><strong>erectis</strong></span> <span class='ocrx_word' id='word_1_25' title='bbox 258 2415 468 2519; x_wconf 74' lang='lat' dir='ltr'>pubescens</span> <span class='ocrx_word' id='word_1_26' title='bbox 482 2431 547 2492; x_wconf 89' lang='lat' dir='ltr'><strong>aut</strong></span> <span class='ocrx_word' id='word_1_27' title='bbox 560 2417 651 2518; x_wconf 90' lang='lat' dir='ltr'><strong>pilis</strong></span> <span class='ocrx_word' id='word_1_28' title='bbox 673 2415 850 2496; x_wconf 83' lang='lat' dir='ltr'><strong>tenuibus</strong></span> <span class='ocrx_word' id='word_1_29' title='bbox 864 2413 1167 2492; x_wconf 73' lang='lat' dir='ltr'>incumbentibus</span> 
     </span>
     <span class='ocr_line' id='line_1_7' title="bbox 109 2533 1170 2642; baseline -0.004 -31"><span class='ocrx_word' id='word_1_30' title='bbox 109 2535 367 2612; x_wconf 89' lang='lat' dir='ltr'><strong>subsericeum</strong></span> <span class='ocrx_word' id='word_1_31' title='bbox 393 2551 432 2611; x_wconf 94' lang='lat' dir='ltr'><strong>et</strong></span> <span class='ocrx_word' id='word_1_32' title='bbox 458 2559 637 2638; x_wconf 77' lang='lat' dir='ltr'><strong>opacums</strong></span> <span class='ocrx_word' id='word_1_33' title='bbox 665 2537 812 2642; x_wconf 89' lang='lat' dir='ltr'><strong>saepius</strong></span> <span class='ocrx_word' id='word_1_34' title='bbox 842 2551 957 2640; x_wconf 90' lang='lat' dir='ltr'><strong>caput</strong></span> <span class='ocrx_word' id='word_1_35' title='bbox 976 2551 1016 2612; x_wconf 89' lang='lat' dir='ltr'><strong>et</strong></span> <span class='ocrx_word' id='word_1_36' title='bbox 1034 2533 1170 2611; x_wconf 77' lang='lat' dir='ltr'><strong>thorax</strong></span> 
     </span>
     <span class='ocr_line' id='line_1_8' title="bbox 107 2655 1171 2760; baseline -0.002 -29"><span class='ocrx_word' id='word_1_37' title='bbox 107 2656 198 2760; x_wconf 89' lang='lat' dir='ltr'><strong>plus</strong></span> <span class='ocrx_word' id='word_1_38' title='bbox 219 2656 343 2730; x_wconf 86' lang='lat' dir='ltr'><strong>minus</strong></span> <span class='ocrx_word' id='word_1_39' title='bbox 365 2655 614 2758; x_wconf 85' lang='lat' dir='ltr'><strong>pubescentes</strong></span> <span class='ocrx_word' id='word_1_40' title='bbox 637 2683 720 2734; x_wconf 89' lang='lat' dir='ltr'><strong>esse</strong></span> <span class='ocrx_word' id='word_1_41' title='bbox 746 2658 880 2735; x_wconf 88' lang='lat' dir='ltr'><strong>solent.</strong></span> <span class='ocrx_word' id='word_1_42' title='bbox 933 2657 1063 2736; x_wconf 80' lang='lat' dir='ltr'><strong>Rarius</strong></span> <span class='ocrx_word' id='word_1_43' title='bbox 1086 2678 1171 2730; x_wconf 88' lang='lat' dir='ltr'><strong>cor·</strong></span> 
     </span>
     <span class='ocr_line' id='line_1_9' title="bbox 106 2775 1170 2881; baseline 0.004 -29"><span class='ocrx_word' id='word_1_44' title='bbox 106 2802 181 2880; x_wconf 90' lang='lat' dir='ltr'><strong>pus</strong></span> <span class='ocrx_word' id='word_1_45' title='bbox 202 2793 261 2854; x_wconf 87' lang='lat' dir='ltr'><strong>est</strong></span> <span class='ocrx_word' id='word_1_46' title='bbox 281 2775 468 2867; x_wconf 89' lang='lat' dir='ltr'><strong>scabrum,</strong></span> <span class='ocrx_word' id='word_1_47' title='bbox 496 2803 562 2854; x_wconf 87' lang='lat' dir='ltr'><strong>scu</strong></span> <span class='ocrx_word' id='word_1_48' title='bbox 584 2778 735 2880; x_wconf 89' lang='lat' dir='ltr'><strong>punctis</strong></span> <span class='ocrx_word' id='word_1_49' title='bbox 764 2775 945 2853; x_wconf 85' lang='lat' dir='ltr'><strong>confertis</strong></span> <span class='ocrx_word' id='word_1_50' title='bbox 972 2775 1170 2881; x_wconf 81' lang='lat' dir='ltr'><strong>profundis</strong></span> 
     </span>
     <span class='ocr_line' id='line_1_10' title="bbox 104 2897 1170 3001; baseline -0.001 -29"><span class='ocrx_word' id='word_1_51' title='bbox 104 2897 346 2999; x_wconf 86' lang='lat' dir='ltr'><strong>impressum,</strong></span> <span class='ocrx_word' id='word_1_52' title='bbox 371 2925 407 2973; x_wconf 83' lang='lat' dir='ltr'><strong>v.</strong></span> <span class='ocrx_word' id='word_1_53' title='bbox 424 2925 456 2974; x_wconf 89' lang='lat' dir='ltr'><strong>c.</strong></span> <span class='ocrx_word' id='word_1_54' title='bbox 472 2897 673 2999; x_wconf 87' lang='lat' dir='ltr'><strong>Metopiis,</strong></span> <span class='ocrx_word' id='word_1_55' title='bbox 701 2913 766 2974; x_wconf 83' lang='lat' dir='ltr'><strong>sut</strong></span> <span class='ocrx_word' id='word_1_56' title='bbox 779 2898 918 3001; x_wconf 86' lang='lat' dir='ltr'><strong>passim</strong></span> <span class='ocrx_word' id='word_1_57' title='bbox 933 2900 1170 2985; x_wconf 86' lang='lat' dir='ltr'><strong>aciculatum,</strong></span> 
     </span>
     <span class='ocr_line' id='line_1_11' title="bbox 107 3017 1172 3122; baseline 0.008 -33"><span class='ocrx_word' id='word_1_58' title='bbox 107 3041 143 3090; x_wconf 92' lang='lat' dir='ltr'><strong>e.</strong></span> <span class='ocrx_word' id='word_1_59' title='bbox 161 3041 196 3116; x_wconf 82' lang='lat' dir='ltr'><strong>g.</strong></span> <span class='ocrx_word' id='word_1_60' title='bbox 212 3017 385 3118; x_wconf 90' lang='lat' dir='ltr'><strong>pluribus</strong></span> <span class='ocrx_word' id='word_1_61' title='bbox 396 3019 528 3095; x_wconf 80' lang='lat' dir='ltr'><strong>Bessis.</strong></span> <span class='ocrx_word' id='word_1_62' title='bbox 556 3057 609 3076; x_wconf 87' lang='lat'><strong>-··</strong></span> <span class='ocrx_word' id='word_1_63' title='bbox 635 3019 787 3121; x_wconf 88' lang='lat' dir='ltr'><strong>Species</strong></span> <span class='ocrx_word' id='word_1_64' title='bbox 799 3019 987 3122; x_wconf 84' lang='lat' dir='ltr'><strong>plurimae</strong></span> <span class='ocrx_word' id='word_1_65' title='bbox 1007 3018 1093 3096; x_wconf 90' lang='lat' dir='ltr'><strong>rulo</strong></span> <span class='ocrx_word' id='word_1_66' title='bbox 1113 3017 1172 3098; x_wconf 67' lang='lat' dir='ltr'><strong>ni÷</strong></span> 
     </span>
     <span class='ocr_line' id='line_1_12' title="bbox 108 3139 1173 3244; baseline 0.008 -35"><span class='ocrx_word' id='word_1_67' title='bbox 108 3159 255 3237; x_wconf 82' lang='lat' dir='ltr'><strong>groque</strong></span> <span class='ocrx_word' id='word_1_68' title='bbox 288 3139 477 3216; x_wconf 72' lang='lat' dir='ltr'><strong>coloratae</strong></span> <span class='ocrx_word' id='word_1_69' title='bbox 505 3153 609 3229; x_wconf 89' lang='lat' dir='ltr'><strong>suut,</strong></span> <span class='ocrx_word' id='word_1_70' title='bbox 644 3163 757 3244; x_wconf 80' lang='lat' dir='ltr'><strong>saepe</strong></span> <span class='ocrx_word' id='word_1_71' title='bbox 788 3141 876 3244; x_wconf 87' lang='lat' dir='ltr'><strong>plus</strong></span> <span class='ocrx_word' id='word_1_72' title='bbox 908 3143 1033 3218; x_wconf 90' lang='lat' dir='ltr'><strong>minus</strong></span> <span class='ocrx_word' id='word_1_73' title='bbox 1066 3139 1173 3218; x_wconf 87' lang='lat' dir='ltr'><strong>albo·</strong></span> 
     </span>
     <span class='ocr_line' id='line_1_13' title="bbox 62 3253 1172 3365; baseline 0.009 -39"><span class='ocrx_word' id='word_1_74' title='bbox 62 3353 66 3362; x_wconf 29' lang='grc' dir='ltr'>Ι</span> <span class='ocrx_word' id='word_1_75' title='bbox 109 3253 247 3356; x_wconf 78' lang='lat' dir='ltr'><strong>pictae,</strong></span> <span class='ocrx_word' id='word_1_76' title='bbox 267 3257 502 3336; x_wconf 87' lang='lat' dir='ltr'><strong>rariustotae</strong></span> <span class='ocrx_word' id='word_1_77' title='bbox 516 3259 622 3335; x_wconf 84' lang='lat' dir='ltr'><strong>culae</strong></span> <span class='ocrx_word' id='word_1_78' title='bbox 636 3275 702 3336; x_wconf 87' lang='lat' dir='ltr'><strong>aut</strong></span> <span class='ocrx_word' id='word_1_79' title='bbox 716 3275 819 3338; x_wconf 89' lang='lat' dir='ltr'><strong>totae</strong></span> <span class='ocrx_word' id='word_1_80' title='bbox 834 3261 974 3365; x_wconf 83' lang='lat' dir='ltr'><strong>nigrae.</strong></span> <span class='ocrx_word' id='word_1_81' title='bbox 1016 3260 1172 3363; x_wconf 81' lang='lat' dir='ltr'><strong>Saepius</strong></span> 
     </span>
     <span class='ocr_line' id='line_1_14' title="bbox 106 3372 1174 3484; baseline 0.008 -37"><span class='ocrx_word' id='word_1_82' title='bbox 106 3372 297 3451; x_wconf 78' lang='lat' dir='ltr'><strong>abdomen</strong></span> <span class='ocrx_word' id='word_1_83' title='bbox 322 3378 471 3456; x_wconf 89' lang='lat' dir='ltr'><strong>bicolor</strong></span> <span class='ocrx_word' id='word_1_84' title='bbox 494 3393 554 3456; x_wconf 90' lang='lat' dir='ltr'><strong>est</strong></span> <span class='ocrx_word' id='word_1_85' title='bbox 579 3394 645 3456; x_wconf 88' lang='lat' dir='ltr'><strong>aut</strong></span> <span class='ocrx_word' id='word_1_86' title='bbox 670 3379 846 3472; x_wconf 88' lang='lat' dir='ltr'><strong>tricolor,</strong></span> <span class='ocrx_word' id='word_1_87' title='bbox 878 3398 945 3458; x_wconf 88' lang='lat' dir='ltr'><strong>aut</strong></span> <span class='ocrx_word' id='word_1_88' title='bbox 971 3378 1174 3484; x_wconf 82' lang='lat' dir='ltr'><strong>segmentis</strong></span> 
     </span>
     <span class='ocr_line' id='line_1_15' title="bbox 111 3496 1176 3602; baseline 0.006 -32"><span class='ocrx_word' id='word_1_89' title='bbox 111 3496 308 3573; x_wconf 86' lang='lat' dir='ltr'><strong>nonnullis</strong></span> <span class='ocrx_word' id='word_1_90' title='bbox 322 3497 441 3590; x_wconf 84' lang='lat' dir='ltr'><strong>flavis,</strong></span> <span class='ocrx_word' id='word_1_91' title='bbox 464 3500 597 3578; x_wconf 81' lang='lat' dir='ltr'><strong>albore</strong></span> <span class='ocrx_word' id='word_1_92' title='bbox 614 3501 770 3602; x_wconf 84' lang='lat' dir='ltr'><strong>guttatis</strong></span> <span class='ocrx_word' id='word_1_93' title='bbox 785 3528 852 3578; x_wconf 92' lang='lat' dir='ltr'><strong>seu</strong></span> <span class='ocrx_word' id='word_1_94' title='bbox 866 3501 1043 3579; x_wconf 76' lang='lat' dir='ltr'><strong>fasciatis.</strong></span> <span class='ocrx_word' id='word_1_95' title='bbox 1071 3501 1176 3576; x_wconf 86' lang='lat' dir='ltr'><strong>Tho·</strong></span> 
     </span>
     <span class='ocr_line' id='line_1_16' title="bbox 111 3616 1178 3715; baseline 0.009 -25"><span class='ocrx_word' id='word_1_96' title='bbox 111 3640 180 3690; x_wconf 82' lang='lat' dir='ltr'><strong>rax</strong></span> <span class='ocrx_word' id='word_1_97' title='bbox 201 3616 391 3694; x_wconf 88' lang='lat' dir='ltr'><strong>interdum</strong></span> <span class='ocrx_word' id='word_1_98' title='bbox 415 3620 543 3697; x_wconf 90' lang='lat' dir='ltr'><strong>colore</strong></span> <span class='ocrx_word' id='word_1_99' title='bbox 564 3621 651 3697; x_wconf 88' lang='lat' dir='ltr'><strong>rulo</strong></span> <span class='ocrx_word' id='word_1_100' title='bbox 674 3620 842 3697; x_wconf 88' lang='lat' dir='ltr'><strong>imbutus</strong></span> <span class='ocrx_word' id='word_1_101' title='bbox 869 3639 945 3715; x_wconf 86' lang='lat' dir='ltr'><strong>est,</strong></span> <span class='ocrx_word' id='word_1_102' title='bbox 972 3638 1038 3699; x_wconf 89' lang='lat' dir='ltr'><strong>aut</strong></span> <span class='ocrx_word' id='word_1_103' title='bbox 1060 3623 1178 3710; x_wconf 64' lang='lat' dir='ltr'><strong>ssavor</strong></span> 
     </span>
     <span class='ocr_line' id='line_1_17' title="bbox 51 3732 1179 3844; baseline 0.01 -37"><span class='ocrx_word' id='word_1_104' title='bbox 51 3761 52 3800; x_wconf 70' lang='grc'><strong>;</strong></span> <span class='ocrx_word' id='word_1_105' title='bbox 112 3732 261 3836; x_wconf 78' lang='lat' dir='ltr'><strong>pictuss</strong></span> <span class='ocrx_word' id='word_1_106' title='bbox 288 3737 505 3840; x_wconf 86' lang='lat' dir='ltr'><strong>saepissime</strong></span> <span class='ocrx_word' id='word_1_107' title='bbox 520 3753 646 3820; x_wconf 89' lang='lat' dir='ltr'><strong>autem</strong></span> <span class='ocrx_word' id='word_1_108' title='bbox 658 3757 803 3844; x_wconf 89' lang='lat' dir='ltr'><strong>puncto</strong></span> <span class='ocrx_word' id='word_1_109' title='bbox 817 3769 894 3820; x_wconf 90' lang='lat' dir='ltr'><strong>uno</strong></span> <span class='ocrx_word' id='word_1_110' title='bbox 908 3745 1076 3824; x_wconf 84' lang='lat' dir='ltr'><strong>alterove</strong></span> <span class='ocrx_word' id='word_1_111' title='bbox 1088 3743 1179 3822; x_wconf 88' lang='lat' dir='ltr'><strong>albo</strong></span> 
     </span>
     <span class='ocr_line' id='line_1_18' title="bbox 112 3851 1180 3969; baseline 0.013 -42"><span class='ocrx_word' id='word_1_112' title='bbox 112 3851 162 3928; x_wconf 87' lang='lat' dir='ltr'><strong>ad</strong></span> <span class='ocrx_word' id='word_1_113' title='bbox 177 3855 343 3933; x_wconf 87' lang='lat' dir='ltr'><strong>radicem</strong></span> <span class='ocrx_word' id='word_1_114' title='bbox 358 3859 500 3934; x_wconf 86' lang='lat' dir='ltr'><strong>alarum</strong></span> <span class='ocrx_word' id='word_1_115' title='bbox 515 3875 677 3938; x_wconf 87' lang='lat' dir='ltr'><strong>notatus.</strong></span> <span class='ocrx_word' id='word_1_116' title='bbox 724 3864 934 3944; x_wconf 90' lang='lat' dir='ltr'><strong>Scutellum</strong></span> <span class='ocrx_word' id='word_1_117' title='bbox 949 3866 1079 3944; x_wconf 88' lang='lat' dir='ltr'><strong>multis</strong></span> <span class='ocrx_word' id='word_1_118' title='bbox 1093 3891 1180 3969; x_wconf 87' lang='lat' dir='ltr'><strong>spe·</strong></span> 
     </span>
    </p>
   </div>
   <div class='ocr_carea' id='block_1_5' title="bbox 115 3971 1183 4192">
    <p class='ocr_par' dir='ltr' id='par_1_5' title="bbox 115 3971 1183 4192">
     <span class='ocr_line' id='line_1_19' title="bbox 115 3971 1183 4098; baseline 0.019 -51"><span class='ocrx_word' id='word_1_119' title='bbox 115 3971 246 4082; x_wconf 76' lang='lat' dir='ltr'><strong>ciebas</strong></span> <span class='ocrx_word' id='word_1_120' title='bbox 263 3975 402 4058; x_wconf 88' lang='lat' dir='ltr'><strong>album.</strong></span> <span class='ocrx_word' id='word_1_121' title='bbox 457 3979 574 4060; x_wconf 87' lang='lat' dir='ltr'><strong>Pedes</strong></span> <span class='ocrx_word' id='word_1_122' title='bbox 595 3979 812 4090; x_wconf 84' lang='lat' dir='ltr'><strong>unicolores</strong></span> <span class='ocrx_word' id='word_1_123' title='bbox 829 3987 1103 4068; x_wconf 85' lang='lat' dir='ltr'><strong>antbicolores</strong></span> <span class='ocrx_word' id='word_1_124' title='bbox 1116 3998 1183 4098; x_wconf 83' lang='lat' dir='ltr'><strong>ant</strong></span> 
     </span>
     <span class='ocr_line' id='line_1_20' title="bbox 168 4107 861 4192; baseline 0.04 -29"><span class='ocrx_word' id='word_1_125' title='bbox 168 4107 266 4192; x_wconf 50' lang='lat' dir='ltr'><strong>¹Ictus.</strong></span> <span class='ocrx_word' id='word_1_126' title='bbox 284 4111 396 4185; x_wconf 82' lang='lat' dir='ltr'><strong>Europ.</strong></span> <span class='ocrx_word' id='word_1_127' title='bbox 413 4110 484 4169; x_wconf 77' lang='lat' dir='ltr'><strong>Pars</strong></span> <span class='ocrx_word' id='word_1_128' title='bbox 501 4111 527 4170; x_wconf 93' lang='lat'><strong>1.</strong></span> <span class='ocrx_word' id='word_1_129' title='bbox 835 4111 861 4190; x_wconf 82' lang='lat'><strong>5</strong></span> 
     </span>
    </p>
   </div>
   <div class='ocr_carea' id='block_1_6' title="bbox 0 0 1412 4614">
    <p class='ocr_par' dir='ltr' id='par_1_6' title="bbox 0 0 1412 4614">
     <span class='ocr_line' id='line_1_21' title="bbox 0 0 1412 4614; baseline 0 4"><span class='ocrx_word' id='word_1_130' title='bbox 0 0 1412 4614; x_wconf 95' lang='lat' dir='ltr'><strong> </strong></span> 
     </span>
    </p>
   </div>
  </div>
 </body>
</html>
