2758 4638
228 139 312 216 684
603 147 918 204 surruruanra
1331 208 1332 280 Ν

230 319 368 425 nigrim
398 313 505 393 tibiis
530 311 717 420 turrisque
736 313 846 404 rufis,
874 311 1009 390 antitis
1027 309 1306 388 dilatioribus.
1332 298 1333 376 i

229 441 431 522 Abdomen
456 435 680 538 oblongum,
706 433 844 539 capitia
858 433 1101 537 thoracisque
1120 431 1309 534 longitu-

228 562 335 650 dine,
380 557 537 633 thorace
576 555 640 634 rix
675 557 794 660 paulo
835 553 1049 656 angustius13
1093 565 1307 654 segmento

230 682 390 784 dnigro,
404 676 552 782 petiolo
566 677 720 768 lineari,
739 691 847 780 parta
860 673 984 750 antica
999 673 1119 763 laevi,
1140 669 1306 775 apicem

229 827 360 880 versuo
381 799 519 892 neurim
539 797 715 887 dilatata,
742 796 945 874 latitudine
962 794 1081 899 paulo
1094 791 1303 894 longiore,

229 920 470 1024 longitudine
508 917 664 1023 petioli,
717 941 765 994 eo
804 931 931 992 autam
972 915 1094 1018 duplo
1130 913 1302 1001 latiore;

227 1043 390 1144 {nigro
411 1037 683 1142 subquadrato‚
714 1037 822 1115 basin
847 1061 979 1114 versus
1009 1031 1148 1112 sensim
1172 1060 1301 1136 angu-

229 1161 364 1250 stiore;
391 1169 480 1240 tet
506 1163 531 1238 4
557 1157 748 1261 quadratis
769 1155 1092 1239 rufo-enuncias
1125 1179 1303 1259 sequen-

228 1279 385 1357 tibus
350 1279 478 1382 nigris.

304 1398 547 1476 Individuum
593 1397 747 1474 unioum
793 1424 903 1478 sexus
949 1395 1135 1504 ambigui,
1185 1395 1297 1473 circa

226 1523 371 1627 Netley
395 1534 564 1624 captum,
594 1517 708 1623 Hope
732 1517 779 1596 ad
804 1546 865 1597 me
890 1515 1006 1596 misit.

655 1745 712 1818 Pa
785 1748 853 1823 64.
1349 1818 1350 1834 ,

300 1882 511 1984 Mesolepti
530 1877 721 1984 Typhoe
712 1695 906 1958 iiidividna
925 1879 1108 1984 quaedam
1121 1879 1290 1984 genuina

224 1997 324 2076 eirca
351 2001 496 2106 Netley
521 2002 634 2078 etiam
662 2016 772 2104 capta
799 2015 898 2076 sunt.

654 2227 756 2328 Pag.
788 2235 855 2305 80.

301 2362 513 2466 Mesoleptz’
547 2365 747 2465 rusonigri
783 2363 940 2454 femina,
985 2361 1157 2438 antennis
1190 2363 1286 2439 totis

223 2478 357 2571 fuscia,
385 2484 519 2562 aculeo
541 2481 780 2575 abscondito,
809 2484 909 2560 oiroa
925 2485 1069 2590 Netley
1086 2499 1196 2585 capta
1211 2499 1280 2558 est.

299 2603 472 2680 Indidem
507 2628 660 2708 quoque
693 2605 823 2706 aooepi
858 2603 974 2680 alium
1006 2603 1281 2707 Mesoleptum,

223 2749 336 2826 quem
363 2748 434 2826 pro
461 2723 567 2800 illius
595 2751 702 2801 more
727 2722 860 2801 habeo.
914 2723 986 2800 Hic
1007 2751 1028 2798 a
1049 2725 1189 2800 semina
1208 2724 1283 2799 dif-

220 2844 297 2922 fert
319 2845 519 2922 abdomine
540 2843 758 2946 graciliore,
792 2845 919 2946 capite
943 2839 1129 2922 breviore.
1189 2845 1283 2922 Sto·

220 2981 313 3044 tura
333 2981 372 3041 et
392 2966 643 3069 proportione
656 2964 822 3068 partium
836 2965 992 3042 omnino
1005 2965 1181 3068 congruit
1194 2992 1280 3042 cum

218 3087 280 3166 M.
295 3083 506 3184 ruficorni,
532 3116 568 3163 n.
585 3093 648 3166 26.
703 3085 860 3162 Femina
882 3085 1007 3188 capite
1027 3087 1152 3163 minus
1174 3085 1280 3164 brevi

217 3205 421 3308 minusque
435 3207 579 3283 collum
592 3231 720 3283 versus
736 3219 952 3312 angustato,
966 3221 1042 3281 tam
1057 3234 1077 3283 a
1090 3206 1165 3284 hoc
1177 3235 1278 3286 mare

219 3351 331 3428 quam
358 3324 552 3402 afeminis
575 3327 817 3432 maribusque
836 3327 890 3404 M.
913 3328 1112 3404 rofioornis
1132 3329 1276 3420 differt3

217 3443 384 3546 indeque
405 3445 527 3524 adhuc
547 3447 798 3538 dubiosum,
827 3476 917 3523 num
933 3447 997 3523 hic
1010 3475 1121 3526 verus
1137 3449 1186 3525 sit
1200 3479 1275 3526 mas

210 3564 267 3642 M.
291 3565 494 3669 rufonigri,
529 3595 619 3644 num
640 3567 819 3662 varietas,
847 3569 1011 3646 scutello
1038 3584 1123 3646 toto
1145 3572 1271 3674 nigro,

214 3685 269 3760 Μ.
290 3685 500 3764 rufioornis.

290 3805 514 3907 Longitudo
539 3807 653 3912 hujus
675 3810 787 3886 maris
808 3807 1088 3914 4l31inearum.
1145 3815 1274 3918 Caput

212 3947 280 4001 ore
299 3941 339 4002 et
357 3917 455 4006 facie
475 3931 600 4022 flavis,
635 3929 706 4008 hao
733 3931 834 4012 linea
855 3931 1126 4035 longitudinali
1153 3934 1268 4038 nigra.
