2728 4618
244 195 293 286 98
619 227 756 279 uarro
783 227 925 280 virae.

244 377 359 472 vidua
372 391 456 472 viva
469 391 825 483 Ichneumonidum,
854 393 894 469 in
916 408 1015 470 statu
1031 419 1162 472 eorum
1181 397 1315 476 libero

240 514 427 604 naturali,
454 514 630 603 viderim,
664 529 704 589 et
731 539 801 616 per
825 512 981 613 triginta
1012 539 1128 592 annos
1154 543 1313 595 omnem

244 662 397 740 operam
423 635 590 710 dederim
616 642 659 708 ut
682 634 859 736 copulam
886 632 1065 712 viderem.
1118 639 1312 715 Nonnulli

244 756 589 858 eutomologorum‚
618 754 755 856 quibus
784 753 936 828 notitias
959 754 1097 830 multas
1125 759 1310 858 egregias,

243 879 284 954 iu
302 877 444 953 litteris
467 900 615 951 mecum
643 873 956 964 communicatas,
984 875 1121 966 debeo,
1148 879 1311 954 tradunt

239 999 413 1102 quidem,
442 1023 481 1072 se
497 982 770 1072 Ichneumones
785 993 824 1068 in
839 995 976 1097 copula
991 996 1225 1088 observasse,
1254 999 1308 1076 de

239 1120 353 1195 modo
370 1133 410 1195 et
424 1117 569 1193 ratione
590 1115 752 1216 copulae
772 1129 898 1189 autem
918 1130 1057 1193 tacent.
1112 1117 1306 1222 Geoffroy

240 1241 307 1340 (in
321 1239 433 1316 Tomi
448 1239 496 1327 11,
516 1264 553 1340 p.
571 1238 666 1337 561)
689 1249 822 1324 assert,
852 1259 891 1310 se
906 1227 1200 1312 Ichneumonem
1221 1241 1307 1315 ala·

237 1375 318 1437 tum
334 1359 545 1436 masculum
566 1383 651 1431 cum
673 1355 812 1430 femina
827 1371 955 1457 aptera
973 1358 1109 1458 copula
1123 1357 1305 1458 junctum

235 1481 392 1569 vidisse;
420 1505 505 1553 cum
526 1501 617 1554 vero
638 1475 737 1551 idem
759 1489 891 1550 auctor
914 1476 974 1574 (in
993 1477 1102 1552 Tomi
1120 1480 1148 1567 Ι,
1170 1505 1207 1581 p.
1225 1481 1301 1582 62)

235 1600 456 1688 contendat,
495 1623 535 1673 se
568 1594 716 1698 saepius
748 1593 942 1668 individua
977 1595 1162 1696 Platyceri
1197 1599 1300 1674 fusci

235 1719 360 1820 capite
373 1717 471 1794 laevi
488 1714 575 1818 (qui
587 1739 690 1794 mera
702 1714 1115 1792 semiuaLucaui-cervi
1138 1720 1215 1816 est)
1239 1719 1302 1794 in-

231 1851 292 1914 ter
305 1865 361 1929 se,
389 1859 582 1938 nunquam
596 1848 722 1909 autem
736 1860 821 1908 cum
837 1835 1033 1936 Platycero
1046 1834 1153 1910 fusco
1167 1839 1298 1940 capite

230 1957 420 2034 cornubus
449 1955 597 2031 duobus
622 1953 781 2029 bifurcis
805 1969 947 2030 armato
974 1954 1060 2056 (qui
1080 1971 1220 2045 tamen,
1252 1974 1297 2034 ut

229 2059 359 2154 omnes
389 2079 545 2165 scimus,
581 2099 690 2150 verus
716 2099 793 2149 mas
823 2073 984 2150 feminae
1010 2073 1115 2149 illius
1144 2079 1222 2180 est)
1253 2079 1295 2155 in

227 2181 365 2301 copula
395 2197 629 2284 observasse,
664 2217 775 2270 nemo
798 2221 859 2269 me
885 2192 1152 2296 reprehendet,
1187 2199 1294 2299 quod
1351 2291 1352 2299 ἵ

228 2318 298 2392 ista
314 2317 448 2393 notitia
461 2314 706 2392 Geoffroiad'a
725 2313 819 2394 mihi
837 2327 1008 2418 suspecta
1023 2314 1088 2407 sit,
1116 2343 1202 2392 cum
1217 2343 1292 2420 ego
1350 2383 1351 2403 p

227 2435 309 2541 ipse
334 2437 433 2512 inter
457 2431 712 2510 'Pezomachos
747 2435 932 2536 (Cryptos
959 2439 1128 2540 apteros)
1157 2438 1289 2540 plures
1349 2481 1350 2507 ι

227 2558 371 2658 species
397 2556 437 2632 in
460 2541 630 2656 'utroque
656 2541 746 2630 sexu
774 2554 944 2635 viderim.
1006 2559 1207 2634 Caeterum
1240 2561 1289 2634 dc
1348 2571 1349 2609 Ι

224 2675 371 2751 ratione
386 2675 491 2751 illius
506 2673 669 2777 copulae
683 2673 857 2750 Geoffroi
873 2676 927 2750 nil
940 2679 1084 2754 retulit.
1133 2679 1287 2779 Degeer

224 2809 366 2886 autem,
395 2797 456 2896 (in
472 2807 636 2869 tractatu
649 2794 721 2870 XV
741 2794 858 2895 partis
872 2796 909 2868 11
927 2799 1037 2872 Tomi
1053 2800 1110 2896 ΙΙ)
1131 2823 1286 2872 accura-

222 2917 298 2991 tius
322 2917 498 3024 copulam
513 2913 701 3018 Ophionis
720 2914 816 2988 lutei
836 2915 1053 3018 descripsit:
1081 2915 1283 3006 Mas,.hoc
1344 2939 1345 3024 p

222 3037 376 3138 negotio
391 3036 499 3112 valde
515 3037 749 3137 impetuosus
765 3049 804 3109 et
816 3034 959 3126 ardens,
987 3038 1138 3114 dorsum
1153 3065 1285 3114 ascen·
1342 3035 1344 3132 Ι

221 3157 334 3232 debat
353 3141 516 3233 feminae
537 3153 744 3228 immobilis
766 3180 989 3260 semperque
1005 3158 1133 3259 quiete
1149 3158 1282 3234 sedeu-

218 3277 287 3366 tis,
315 3277 451 3353 deiude
465 3261 650 3351 abdomen
668 3273 848 3348 curvabat
867 3278 935 3352 sub
950 3279 1097 3380 apicem
1111 3278 1281 3355 abdomi-
1341 3249 1342 3334 i

219 3398 276 3471 nis
296 3397 473 3486 feminae,
502 3395 667 3497 dumque
695 3394 792 3469 illud
818 3399 1038 3475 convulsive
1059 3399 1280 3476 movebatur

217 3517 373 3619 alaeque
381 3517 602 3606 tremebant,
611 3542 747 3619 penem
761 3515 988 3592 immittebat
1002 3521 1070 3594 sub
1084 3535 1277 3622 segmento

216 3651 333 3712 sexto.
388 3641 477 3713 Post
507 3638 707 3712 decursum
739 3636 858 3739 partis
890 3638 1134 3716 duodecimae
1161 3639 1276 3718 horae

214 3757 352 3859 copula
366 3757 592 3835 solvebatur.

571 3965 907 3996 *⁸*-
