2788 4624
214 193 292 270 886
611 203 882 258 rcnuaanron

214 375 409 454 minoreve
432 372 559 476 nigro;
586 369 612 450 5
634 385 675 447 et
695 379 721 449 6
740 373 889 448 macula
912 383 980 448 aut
997 370 1166 475 margine
1185 371 1285 450 late·

214 497 306 588 rali,
347 496 573 598 plerumque
608 491 726 567 etiam
765 490 933 594 margine
970 491 1131 584 dorsali,
1170 495 1283 584 rnfis3

215 626 241 696 7
260 631 345 694 toto
364 613 449 694 rufo
470 628 537 690 aut
555 611 676 690 fulvo.

645 833 677 910 F
686 833 857 913 emino:

292 973 462 1052 Statura
476 986 516 1050 et
528 970 728 1075 proportio
748 969 915 1074 partium
934 969 1099 1050 feminae
1118 994 1283 1077 sequen.
1382 967 1383 1030 ξ

214 1094 281 1187 tis,
307 1095 375 1171 sed
396 1092 569 1170 antennis
588 1092 827 1196 pedibusque
851 1091 1101 1194 longioribus.
1129 1123 1131 1134 ’
1189 1115 1192 1126 ·

290 1212 513 1316 longitudo
546 1215 701 1312 6-77,
735 1212 934 1289 linearum.
989 1216 1120 1315 Caput
1146 1211 1282 1290 orbitis

212 1332 413 1442 oculorum
424 1329 652 1410 frontalibus
666 1332 773 1411 flavis
787 1347 854 1408 aut
867 1333 1063 1424 castaneis,
1083 1333 1277 1411 tenuibus.

211 1459 415 1538 Antenore
433 1451 591 1528 dimidio
611 1477 772 1557 corpore
796 1455 912 1556 paulo
933 1454 1151 1556 longiores,·
1169 1453 1280 1555 apice

212 1575 425 1665 involutae,
453 1572 1034 1654 articulis10--15-17ulbis
1058 1573 1189 1649 subtus
1201 1573 1281 1648 ful·

210 1695 281 1772 ris.
310 1695 479 1772 Thorace
495 1692 594 1770 sicut
606 1694 647 1770 in
657 1721 772 1785 mare,
786 1692 1043 1770 metathorace
1057 1707 1140 1770 toto
1155 1695 1278 1796 nigro.

180 1861 183 1868 v
212 1814 429 1894 scutellum
444 1815 697 1892 etoluesicut
713 1815 880 1892 inmane.
935 1813 1058 1894 Pedes
1071 1814 1279 1890 anteriores
1382 1815 1383 1848 ³

210 1933 419 2012 femoribus
442 1934 553 2038 spica
579 1934 686 2014 fulvo
716 1951 782 2014 aut
808 1936 923 2024 flavo,
949 1933 1056 2010 tibiis
1074 1919 1191 2012 fulvis
1212 1947 1279 2008 aut
1382 1933 1383 2000 T

209 2054 336 2146 flavis,
363 2053 498 2134 mediis
517 2055 627 2159 apice
647 2055 865 2158 ferrugineo
878 2053 998 2132 rarius
1014 2053 1139 2158 nigro,
1167 2055 1278 2130 tassia
1382 2053 1383 2116 ἶ

209 2176 344 2262 anticis
373 2175 489 2252 fulvis
515 2175 650 2253 mediis
677 2175 921 2277 ferrugineis;
948 2175 1089 2278 postici
1114 2175 1216 2252 sicut
1235 2175 1278 2250 in
1382 2241 1383 2246 ,

208 2321 324 2374 mare.
376 2293 581 2377 Abdomen
604 2295 809 2400 segmentis
830 2305 856 2375 2
876 2305 962 2374 et3
991 2295 1054 2372 vel
1081 2293 1277 2372 rusoflavia

208 2416 272 2492 vel
287 2413 394 2492 flavia
405 2418 613 2519 marginem
626 2443 756 2496 versus
770 2417 873 2506 rufis,
888 2414 1057 2518 margine
1070 2417 1156 2520 ipso
1168 2415 1277 2491 fusco

208 2552 275 2612 ant
295 2535 421 2637 nigros
449 2544 474 2616 6
486 2537 640 2618 et7rel
659 2537 752 2614 uotis
776 2537 1073 2614 stramineorofis
1093 2536 1155 2614 rel
1177 2560 1276 2612 mar-

208 2655 415 2758 ginaruso.
1186 2679 1194 2692 ·

285 2775 410 2852 Mares
431 2775 563 2854 duone
581 2777 788 2856 Corinthio
802 2775 915 2872 Dobl
927 2777 1151 2866 transmisit,
1178 2775 1275 2852 dnos

206 2895 303 2972 alios
322 2895 401 2974 vidi
430 2896 472 2972 in
496 2923 628 2976 museo
649 2899 786 3000 Klugii
805 2897 989 2976 aeratus.
1014 2937 1069 2958 -·
1094 2897 1276 2974 Feminae

205 3031 301 3110 tras,
328 3041 450 3122 prope
478 3015 719 3120 Hirschberg
746 3015 1019 3098 Vindobonom
1037 3032 1078 3096 et
1096 3017 1274 3098 θεηαωη

206 3153 357 3243 captae,
384 3163 534 3216 mecaun
554 3139 854 3216 communicatae
869 3152 974 3216 aunt.

594 3359 886 3440 Varietatess

284 3507 319 3578 1.
354 3497 527 3590 Femina;
553 3505 757 3600 segmentis
774 3507 801 3578 2
821 3514 860 3576 et
881 3493 1071 3593 estatis,
1096 3501 1273 3596 margine

202 3620 317 3721 rufo,
343 3627 367 3700 4
387 3621 480 3722 ruso
509 3617 594 3696 tasi·
621 3628 758 3720 nigro,
782 3615 1025 3723 sequentibus
1047 3623 1141 3694 totis
1160 3611 1271 3713 rufis.

200 3779 254 3799 ·-
280 3740 438 3816 Caetera
459 3739 558 3816 sicut
577 3740 619 3816 in
637 3739 778 3816 femina
797 3737 973 3841 genuina.

263 3858 428 3938 Unicum
441 3859 680 3940 individuum
686 3861 880 3963 gallicum
893 3859 1136 3960 Bromuiart
1150 3869 1273 3932 traus-

198 3976 318 4058 misit.
