2728 4618
406 235 508 288 stu.
536 223 570 302 Ι,
604 235 717 291 seur.
748 239 771 288 r.
1048 225 1122 296 187

138 397 360 502 longitudo
374 401 697 480 5-61inesrum
748 403 951 481 Antennae
962 428 1123 506 corpore

70 519 220 597 dimidio
246 521 362 624 paulo
388 520 597 622 longiores,
625 522 793 598 articulis
819 529 960 604 3-14
989 525 1121 602 subtus

71 640 297 743 ferrugineis.
352 641 521 717 Thorax
534 641 722 744 gibbulus.
774 630 1123 722 Aluesubsnmato-

74 761 257 862 melinae,
285 760 475 862 stigmate,
503 761 626 853 radio,
653 762 779 837 radice
797 778 835 838 et
851 766 1044 864 squamula
1065 767 1124 840 ni-

76 883 159 983 grim
192 881 319 957 areola
343 879 577 982 triangulari.
604 910 606 914 ·
632 882 754 961 Pedes
776 884 1003 975 mediocres,
1037 888 1121 977 rufi,

76 1002 168 1078 coris
182 1017 223 1078 et
235 999 539 1077 trocbenteribus
554 1002 685 1104 nigris,
713 1002 817 1078 tibiis
834 1003 990 1106 posticis
1006 1005 1122 1082 fuscis

76 1139 133 1198 aut
150 1121 267 1224 nigris
286 1121 368 1196 basi
388 1147 530 1198 summe
552 1123 651 1212 rufe,
678 1123 787 1197 tarsis
813 1123 971 1225 posticis
993 1126 1122 1228 nigris.

77 1241 269 1322 Abdomen
280 1241 408 1344 eapite
421 1239 652 1344 thoraceque
666 1243 782 1344 paulo
794 1243 944 1346 longius
958 1259 997 1321 et
1008 1248 1125 1348 paulo

79 1361 278 1465 angustiust
306 1377 500 1463 segmento
527 1363 651 1465 primo
675 1377 835 1465 puncto,
863 1364 969 1439 basin
995 1389 1126 1440 versus

80 1482 207 1558 sensim
233 1495 443 1572 coarctato,
478 1480 593 1584 paulo
620 1481 793 1560 breuiore
815 1467 931 1589 ³quum
958 1485 1126 1587 petiolus

81 1603 349 1678 tursiuscnlus.

145 1724 271 1798 Unum
300 1719 536 1799 individuum
561 1721 787 1802 Desmarest
813 1722 912 1802 circa
938 1726 1127 1816 Parisios,

83 1841 230 1920 alterum
248 1841 361 1920 Datt
381 1840 423 1918 in
439 1844 606 1922 Austria
629 1844 743 1948 cepit.

490 2065 705 2142 Femina?

149 2201 251 2278 Inter
270 2199 543 2280 Ichneumones
571 2202 672 2277 eirca
694 2199 839 2304 Netley
859 2215 1005 2303 captos,
1033 2223 1128 2303 quos

85 2319 184 2424 Hope
200 2321 248 2396 ad
269 2349 329 2396 me
352 2321 470 2412 misit,
498 2336 557 2398 est
572 2347 724 2424 quoque
738 2319 991 2409 individuum,
1019 2321 1129 2397 valde

86 2455 196 2516 tutem
217 2442 434 2518 mutilatum
456 2441 601 2546 (capite
622 2441 857 2545 pedibusque
883 2441 1016 2516 enticis
1037 2441 1132 2516 defi·

86 2560 301 2663 cientibus),
333 2564 462 2639 colore
489 2577 561 2639 etc.
593 2561 747 2637 omnino
779 2589 865 2638 cum
892 2559 998 2636 Ichn.
1028 2560 1130 2637 tristi

85 2707 176 2760 mere
186 2707 415 2783 congruens,
442 2682 507 2758 sed
522 2678 681 2784 eur'pore
694 2696 788 2772 toto,
801 2681 1000 2783 imprimis
1017 2681 1132 2758 ebdo-

86 2799 176 2878 mine
189 2817 229 2878 et
241 2818 435 2904 segmento
448 2803 583 2906 primo,
607 2802 754 2892 latiore,
775 2827 913 2878 amare
927 2803 997 2878 illo
1011 2803 1135 2879 disce·
1248 2789 1250 2794 ¹

87 2917 179 2996 dens.
229 2921 433 3004 Abdomen
446 2938 506 2999 est
522 2921 675 2998 brevius
694 2923 808 2999 latius
829 2923 1020 3025 magisque
1043 2949 1133 3000 ors-

87 3051 158 3114 tum
191 3069 302 3146 quam
341 3043 382 3120 in
420 3042 594 3118 omnibus
633 3041 791 3146 reliquis
828 3041 979 3118 feminis
1017 3042 1147 3144 hujus¹

90 3161 273 3254 sectionis,
299 3161 438 3240 femina
455 3168 719 3262 castigatorem,
744 3170 860 3251 u.10‚
889 3162 1132 3264 vixexcepte‚
1248 3244 1251 3252 A

9 3295 10 3298 ’
90 3277 230 3362 thorace
241 3283 411 3386 longius,
440 3283 505 3362 sed
519 3282 633 3384 hujus
647 3281 865 3369 latitudine3
892 3281 1039 3383 petiolo
1053 3307 1136 3382 seg-

91 3405 196 3478 menti
209 3404 323 3508 primi
337 3404 475 3481 latiore
488 3430 600 3505 quarn
615 3402 656 3478 in
666 3401 825 3502 reliquis
839 3400 1000 3490 feminis.
1029 3403 1136 3480 Acu-

92 3521 612 3628 leusprorsumebseonditus.
640 3564 694 3582 ·-
717 3519 952 3598 Anfemine?

483 3697 724 3823 Varietas:

159 3891 190 3964 1.
218 3883 344 3962 Titiis
362 3882 521 3988 posticis
540 3881 634 3958 totis
653 3882 755 3961 rufis.
783 3923 836 3938 --
860 3877 983 3980 Hujus
1002 3878 1141 3956 indivi-

92 3999 194 4082 duum
213 4005 371 4084 unitum
392 4002 550 4084 Richter
569 4025 691 4107 prope
714 4001 995 4082 Vratitlavr'um
1022 4002 1137 4105 cepit.
