2728 4618
626 251 894 304 restituuntor

304 891 433 991 Caput
451 884 606 964 thorace
626 889 741 996 paula
761 886 974 990 angustius.
997 886 1141 966 cottum
1153 910 1294 961 versus

226 1007 363 1084 sensim
392 1021 639 1108 angustatum.
668 1009 864 1086 -Oculi
892 1007 1051 1084 convexi
1076 1004 1294 1109 prominuli

225 1129 370 1220 uvales,
405 1129 595 1203 interdum
623 1127 932 1219 subreniformes,
965 1126 1133 1229 margine
1159 1124 1294 1200 medio

225 1247 375 1325 interno
392 1247 590 1352 paululum
606 1253 797 1324 excavato'.
824 1291 878 1306 -
902 1250 1105 1328 Antennne
1117 1246 1295 1348 plerum-

225 1393 300 1468 que
321 1367 560 1471 longitudine
580 1383 620 1443 et
640 1369 809 1445 crassitie
833 1368 1032 1457 mediocri,
1061 1363 1295 1442 submonili-

87 1547 89 1552 .
223 1485 380 1578 formes,
408 1489 666 1577 subsetaceae3
694 1489 858 1564 maribus
877 1487 1052 1592 plurimis
1072 1485 1187 1587 paulo
1202 1509 1294 1586 gra-

224 1605 378 1683 ciliores
392 1607 586 1718 magisque
606 1623 803 1712 porreetue
823 1605 1118 1718 quamtqminis,
1147 1604 1290 1706 quibus

226 1741 427 1816 antennae,
452 1743 541 1832 post
560 1741 737 1818 mortem,
761 1712 960 1804 'involutae
980 1728 1042 1804 vel
1058 1725 1191 1802 saltem
1205 1751 1292 1799 nra·

224 1845 280 1947 gis
302 1863 477 1924 curvatae
500 1873 581 1924 esse
603 1849 743 1936 solent,
771 1847 965 1923 nonnullis
983 1846 1134 1922 lerninis
1157 1859 1291 1921 tamen

228 1965 353 2064 (Iclsn.
388 1966 580 2057 bilineati,
612 1967 796 2057 vernulis,
830 1967 1057 2070 nnlpatoris)
1091 1965 1288 2042 tenuiores

224 2085 413 2190 simulque
446 2087 571 2164 minus
604 2103 807 2166 curvatae..
857 2092 1052 2166 Antennae
1083 2086 1290 2162 crassiores

221 2205 447 2284 seminarum
480 2233 580 2312 pone
612 2210 779 2286 medium
804 2207 1054 2285 subdilatatae
1080 2223 1120 2284 et
1147 2205 1292 2283 subde-

221 2327 513 2430 pressiusculae,
546 2329 612 2406 vel
635 2329 763 2432 potius
793 2327 891 2404 inira
917 2326 1178 2430 planiusculae
1202 2351 1288 2403 esse

222 2447 359 2525 solent.
386 2491 439 2505 -
465 2449 574 2522 Plura
595 2447 642 2525 de
656 2457 833 2526 antennis
845 2463 883 2524 et
896 2455 977 2526 oris
987 2445 1167 2552 partibus
1179 2446 1286 2548 leges

223 2565 292 2641 sub
312 2565 416 2642 lehn.
433 2567 638 2665 luctaturio
659 2585 699 2645 et
720 2568 956 2657 conlusori0‚
985 2595 1055 2644 nec
1071 2593 1147 2643 non
1161 2567 1289 2641 inFa-

220 2685 331 2761 bricii
354 2687 450 2787 Syst.
467 2689 566 2764 Piez.
584 2703 624 2764 et
643 2689 683 2763 in
696 2689 849 2764 Panzeri
863 2688 1073 2764 llevisione.
1101 2729 1154 2746 -
1180 2685 1289 2763 ΤΙιο-
1354 2785 1355 2796 ¹

222 2832 302 2882 rna:
315 2805 448 2908 gibbus
467 2821 532 2881 aut
550 2807 744 2909 gibbulus‚
772 2809 890 2886 rarius
905 2808 1136 2911 cylindricus
1153 2805 1281 2906 (lehn.
1354 2799 1355 2817 *

218 2926 438 3016 mutatorio,
466 2926 717 3018 microsticto,
745 2927 907 3005 feminae
933 2929 1039 3005 lehn.
1069 2928 1287 3003 stimulato-

220 3047 309 3147 ris),
337 3063 402 3123 aut
417 3045 718 3148 subcylindricus
736 3045 860 3146 (lehn.
883 3047 1165 3137 ischioxanthO,
1191 3073 1286 3122 ana-

218 3169 312 3259 tori,
347 3165 578 3268 candidato).
611 3209 665 3224 -
697 3168 913 3246 Scutellnm
945 3171 1007 3247 vel
1039 3166 1282 3270 triangulare,

217 3289 325 3391 apice
340 3287 477 3363 obtuso
492 3303 557 3364 aut
570 3303 761 3378 truncato,
789 3290 852 3365 vel
867 3288 1171 3391 subquadratum,
1198 3287 1284 3388 api·
1352 3275 1353 3341 l

218 3437 300 3486 cem
314 3435 442 3486 versus
457 3408 572 3511 paulo
587 3409 791 3510 angustius,
812 3409 1092 3512 planiusculurn
1109 3423 1174 3483 aut
1188 3433 1282 3482 con-

218 3555 371 3620 vexum,
406 3529 525 3606 rarius
554 3528 905 3608 subtnherculatnm
938 3525 1063 3628 (lehn.
1091 3525 1280 3626 oratorio)

218 3665 283 3724 aut
307 3649 505 3752 gibbulunr
540 3648 671 3746 (lehn.
704 3649 966 3752 nycthemero,
1000 3647 1278 3746 flavolineato),

216 3770 334 3845 laeve.
352 3813 402 3825 -
416 3771 518 3846 Alae
533 3769 759 3860 mediocres3
787 3772 913 3848 areola
926 3770 1151 3872 plerumque
1166 3767 1280 3869 quin-

216 3888 472 3993 queangulnri,
487 3887 677 3964 interdurn
689 3891 932 3993 pyramidata,
952 3889 977 3965 i.
994 3919 1027 3968 e.
1046 3889 1169 3965 nervis
1182 3891 1279 3966 late·
1349 3947 1350 3950 ,

126 4015 131 4024 '
213 4009 493 4085 talibusmnltu
507 4009 870 4118 lnngioribnsquarn
883 4011 1022 4116 reliqui
1043 4012 1148 4114 (eg.
1167 4007 1262 4087 lehn
