2654 4614
184 204 236 278 st
546 222 625 274 rin.
655 221 881 276 renouata.

183 387 323 464 domen
333 383 532 491 plerisque
543 400 601 464 est
612 386 682 466 uel
692 386 954 491 cylindrioum.
980 386 1043 466 rel
1058 386 1254 490 deugsto-

185 523 339 586 ovatum
360 523 427 584 aut
440 506 651 599 luciforme,
675 510 738 586 vel
753 510 840 612 plus
853 507 976 584 minus
993 533 1253 611 compressum

127 711 132 718 ,
186 631 296 733 apice
321 629 547 733 plerumque
570 641 763 720 trunoeto,
797 629 882 706 aliis
910 629 1155 706 subconicuro
1184 654 1253 704 seu

188 751 336 855 apicem
351 775 479 828 versus
499 749 638 829 sensim
655 765 909 853 angustatum,
934 763 1003 825 aut
1020 749 1253 852 depressum,

186 871 317 974 paucis
330 871 475 947 lineare
492 869 1002 974 autdeprcsso-ocbieulare.
1046 867 1255 944 delatione

187 992 236 1070 ad
261 990 572 1094 conjunctionem
591 990 873 1081 commoneo,
906 991 1091 1068 abdomen
1108 1003 1167 1064 est
1188 985 1252 1064 uel

188 1111 338 1202 sessile,
365 1111 429 1190 rel
443 1110 1074 1215 subsessilntautsubpetiolatum,
1101 1108 1254 1210 velpe-

186 1231 382 1322 tieletum,
401 1230 464 1306 =de
480 1229 766 1334 gensericum
785 1230 888 1308 ¹valis
913 1257 1011 1334 quiae
1033 1227 1153 1318 initae
1186 1226 1254 1304 ubi

186 1350 237 1428 de
254 1367 451 1454 segmento
471 1351 770 1454 princtagetm,
803 1351 1004 1453 proferam.
1057 1347 1256 1433 Abdomen

187 1472 390 1574 segmentis
402 1487 550 1575 septam
562 1471 1003 1574 aumoctoecmpositom
1014 1481 1255 1558 essetecum

188 1591 333 1693 spurio,
360 1593 447 1696 plus
467 1591 853 1681 onnusuabssonditc,
881 1588 1257 1695 saepezplaoeobso-

186 1710 280 1787 leto.
331 1712 575 1814 Segmentds:
593 1712 1068 1815 formoatmognitudioe,
1095 1731 1257 1810 respon-

186 1830 279 1908 dent
296 1831 440 1910 formae
457 1830 767 1937 et=msgnitudini
787 1831 998 1910 abdominis
1012 1831 1152 1935 ipsium
1178 1826 1256 1904 hoc

188 1977 326 2056 nempe
348 1953 530 2032 breuiore·
543 1955 757 2043 oblatiore,
791 1951 858 2028 illa
877 1977 1031 2056 quoque
1051 1952 1127 2028 lata
1147 1962 1256 2037 sunt;

186 2071 386 2151 abdomine
413 2075 596 2179 longiore,
613 2087 658 2150 ab
684 2071 900 2176 graciliore,
941 2085 1135 2175 segmenta
1165 2081 1257 2146 sunt

185 2190 388 2272 latitudine
420 2195 592 2300 longiora
613 2209 668 2270 et
685 2191 915 2296 -eylindrica‚
948 2217 1016 2268 seu
1049 2189 1257 2278 latitudine

188 2311 456 2414 longitudinis,
484 2317 510 2392 i.
532 2343 564 2394 e.
581 2315 779 2418 quadratu
806 2310 1006 2388 abdomine
1019 2326 1142 2400 ovato,
1170 2335 1259 2411 seg·

186 2447 315 2508 menta
332 2434 521 2511 anteriora
542 2436 692 2540 apicem
710 2459 839 2512 versus
870 2431 1009 2509 eandm
1034 2431 1256 2518 dilatantur,

185 2552 699 2658 postericrsoutemcpiecm
720 2579 849 2632 versus
868 2565 1102 2630 coercentur.
1157 2549 1260 2646 Qui-

186 2669 343 2748 busdam
361 2671 515 2750 feminis
536 2701 637 2779 apex
656 2673 868 2752 abdominis
889 2673 1101 2776 appendice
1118 2670 1258 2750 blatti-

186 2791 321 2882 culata‚
336 2818 404 2870 seu
419 2795 621 2896 segmentis
636 2797 783 2874 duobus
798 2792 1018 2870 accessoriis
1033 2790 1256 2894 (dequibus

186 2911 358 2990 conferas
378 2916 530 3015 quaein
550 2915 589 3008 §-
611 2917 701 2996 Ode
720 2914 949 3018 genitalibus
970 2912 1134 2990 feminae
1147 2935 1257 2987 ccm-

176 3033 444 3134 memorabo),
478 3049 609 3110 auctus
637 3051 705 3114 est.
760 3037 877 3110 Prout
907 3049 1033 3110 eutem
1059 3039 1256 3134 segmenta

185 3152 318 3228 ultima
340 3153 628 3258 perfectiusaut
640 3151 900 3258 imperfectius
914 3153 1056 3242 efficta,
1083 3177 1149 3227 seu
1164 3150 1255 3252 plus

172 3272 354 3350 ,minusve
367 3273 597 3365 abscondita,
619 3289 718 3363 sunt,
739 3289 911 3352 auctores
926 3297 1080 3378 quoque
1093 3295 1256 3346 numero

182 3417 314 3470 eorum
342 3393 729 3472 indicato'differuntr
761 3393 974 3476 Secundum
995 3389 1255 3470 Audouinium

181 3513 367 3592 abdomen
384 3513 750 3618 hymenopterorum
777 3537 800 3592 e
824 3512 1027 3615 segmentis
1047 3526 1138 3592 ceto
1157 3535 1256 3589 coo·

179 3631 311 3708 ilatum
329 3647 406 3724 est,
433 3649 544 3737 putet
562 3635 684 3726 cuim,
711 3649 862 3736 praeter
881 3645 1072 3734 segmenta
1092 3645 1255 3734 septem,

179 3753 295 3855 vulgo
318 3771 506 3858 accepts‚=·
519 3757 684 3859 primum
706 3781 856 3857 semper
879 3753 1012 3834 intime
1031 3779 1118 3831 cum
1133 3765 1256 3831 mets-

178 3871 334 3952 tborace
355 3891 680 3966 coenatum-esse,
715 3875 897 3978 ideoque,
925 3873 958 3950 si
979 3873 1167 3953 abdomen
1182 3897 1256 3974 pe-

176 3991 354 4074 tiolatum
372 3995 432 4088 sit,
461 3995 562 4074 bend
573 4011 810 4099 segmentum
825 3994 1007 4101 primum,
1035 3991 1100 4074 sed
1116 4017 1255 4074 secun·
