2728 4618
445 219 606 300 rami,
634 233 748 310 sac—r.
778 237 802 286 1.
1064 224 1153 299 *111

92 399 204 479 reta.
226 425 377 506 auspex
398 401 511 478 aar.
534 399 662 476 prodr.
685 427 720 475 n.
735 381 859 480 'moe

89 503 202 602 lehn.
222 525 441 602 molitoriur
459 520 623 597 Schmnlr
643 521 756 596 Boita
776 545 859 624 pag.
875 529 977 600 2072
997 547 1072 600 var.
1088 524 1152 602 dt

305 641 507 742 (Gonle'raa
536 639 744 742 synonyma
770 643 887 717 mixta
912 643 961 718 ad
983 661 1151 722 nostrum

302 763 411 842 Iclm
432 762 700 862 molitoriam).

285 1177 289 1182 Ι
344 1069 478 1145 Nota:

164 1241 224 1316 Ex
245 1239 511 1317 observatione
528 1236 796 1342 Tractepolrlii
813 1237 994 1316 articulus
1016 1267 1150 1319 recun-

89 1363 158 1438 dae
182 1363 393 1465 pulparum
410 1367 648 1438 anteriorum
670 1359 802 1438 cadem
827 1375 885 1438 est
905 1358 1025 1436 lorma
1045 1388 1088 1437 ac
1109 1362 1150 1438 in

87 1485 196 1562 lehn.
217 1485 480 1560 dominatorio.

161 1606 222 1678 Aa
246 1597 457 1704 Geoffroyi
469 1596 704 1676 ichneumon
723 1607 790 1689 59,
818 1623 931 1702 quem
943 1601 1149 1706 Fourcray

86 1747 173 1797 cum
188 1721 446 1799 Ichneunmne
460 1725 691 1798 comitatore
704 1718 919 1820 conjunxit,
947 1721 1075 1798 cadem
1098 1722 1148 1798 ait

86 1842 252 1942 species,
280 1839 531 1914 dubius'sum.
587 1838 887 1942 Edeccriptionc
901 1858 1148 1920 antennarum

85 1961 166 2036 lere
186 1959 429 2061 longitudine
445 1957 617 2060 corporis
637 1959 824 2060 suspicor,
852 1976 1042 2039 auctorem
1063 1963 1148 2038 lau-

89 2080 215 2156 datum
238 2079 437 2182 cujusdam
465 2077 604 2182 speciei
631 2103 770 2154 marem
804 2102 929 2154 coram
959 2078 1145 2172 habuisse,

89 2217 263 2278 anostra
292 2201 486 2278 ledaeum.
514 2206 743 2276 comitatore
768 2196 994 2289 foeminino,
1021 2201 1147 2303 capite

88 2322 326 2425 pedibusque
339 2321 432 2395 totis
443 2319 574 2420 nigris,
602 2320 890 2420 discrepantem.
945 2319 1016 2394 Sed
1031 2345 1147 2421 qaae-

85 2443 199 2531 ritur,
228 2467 368 2516 numne
388 2440 453 2515 hic
475 2439 673 2540 Geoffroyi
696 2437 945 2528 Ichneumon,
973 2438 1067 2515 mihi
1087 2441 1147 2518 ia-

84 2564 279 2664 cognitus,
305 2587 416 2636 verus
437 2564 682 2638 comitaturis
701 2585 785 2636 mas
798 2557 864 2647 ait,
886 2585 989 2648 cum,
1016 2561 1146 2639 colora

84 2681 224 2784 capitis
252 2695 292 2756 et
318 2678 474 2782 pedum,
507 2680 645 2786 melius
672 2680 718 2754 ad
744 2677 851 2754 Icltn.
878 2686 1145 2759 comitatorem

84 2819 284 2878 auctorum
309 2823 421 2902 cupra
447 2801 694 2900 allegatorum
728 2801 902 2903 quadret,
937 2827 1048 2902 quam
1081 2801 1146 2878 hic

85 2938 234 3007 nostem
270 2947 452 3023 nusquam
487 2921 587 2996 enim
614 2918 822 2995 orbitarum
850 2920 1078 3024 pallidorum
1105 2937 1146 3000 ct

84 3043 228 3118 calaris
255 3039 460 3140 ferruginei
484 3040 625 3142 pedum
649 3038 858 3116 anticorum
885 3043 1029 3118 mentio
1047 3043 1145 3119 lacta

84 3179 153 3240 eat.
209 3160 334 3236 Etiam
348 3159 580 3236 ichneumon
592 3161 757 3262 Degecri
771 3162 801 3250 Ι,
821 3187 858 3264 p.
872 3164 959 3253 581,
988 3165 1063 3240 tab.
1079 3169 1142 3254 24,

84 3285 147 3386 fig.
171 3289 221 3360 10
240 3279 288 3354 ad
307 3277 409 3355 hunc
428 3303 569 3356 marem
589 3295 759 3382 spectare
779 3281 940 3358 videtur.

160 3401 282 3476 Nullo
310 3399 423 3474 modo
449 3393 574 3474 autem
604 3397 678 3475 huc
704 3400 837 3478 relerri
859 3413 1018 3504 poscunt
1034 3399 1142 3479 lehn.

85 3527 296 3599 comitator
309 3517 439 3593 Christ
452 3545 490 3620 p.
508 3522 600 3609 354,
627 3521 703 3599 tab.
721 3529 786 3610 86,
814 3521 875 3622 fig.
894 3531 932 3610 8,
960 3532 999 3594 et
1013 3520 1144 3596 Sulzer

86 3639 222 3720 Gatrh.
237 3640 317 3715 tab.
332 3648 402 3728 26,
430 3639 490 3740 fig.
512 3645 559 3718 14
575 3640 679 3742 (qui,
706 3640 883 3744 obpadea
903 3654 1005 3716 totos
1026 3639 1141 3730 rufos,

87 3763 130 3838 nd
155 3777 327 3838 nostram
352 3757 462 3836 Ickn.
484 3757 706 3838 dilineatum
730 3762 913 3864 spectat),
942 3785 1011 3836 nec
1032 3761 1142 3838 [clm

88 3888 296 3962 comr'tator
310 3877 472 3957 Oliricri
484 3905 521 3982 p.
543 3887 626 3970 177,
654 3909 689 3957 n.
708 3885 758 3960 64
773 3880 877 3984 (qai,
904 3880 954 3958 ab
968 3879 1142 3957 aculeum

86 4029 242 4107 corpore
268 3997 502 4100 longiorem,
530 3998 576 4074 ad
596 4000 855 4084 Mesortmum
879 3997 1141 4101 gladiatorem
