2758 4638
495 182 656 238 niueis
683 185 743 238 inv
1065 173 1141 250 697

500 349 598 451 Peg.
627 355 727 428 880.

162 486 220 565 Ad
241 483 362 562 nostri
383 485 506 586 Trogi
526 489 661 564 lutorii
678 483 879 562 varietates
899 487 1007 592 epioe
1026 487 1144 569 abdo·

78 608 200 684 minis
213 623 253 684 et
264 605 450 684 femorum
462 605 699 709 poeticorum
712 605 820 708 nigro
836 601 1074 688 adhibendus
1084 627 1143 690 est

81 727 322 807 Ichneumon
352 729 529 829 Atropos
561 727 689 802 Curtis
723 725 1143 827 Bononiensem,

79 851 226 938 swod,
244 848 309 924 ubi
325 862 458 926 auctor
471 871 624 951 quoque
637 852 718 923 oris
728 860 861 951 portes
873 851 996 952 Trogi
1007 855 1145 934 lutorii

85 965 281 1059 exhibuit,
309 968 412 1044 notis
435 967 630 1045 nonnullis
649 965 939 1069 adesoriptione
952 969 1145 1050 Neeseann

84 1085 222 1164 harum
242 1088 406 1189 portium
430 1088 622 1165 secedens:
656 1088 687 1163 E
704 1087 862 1166 Curtisii
881 1087 1147 1172 observatione

85 1207 190 1297 enim
211 1207 362 1286 labrum
383 1206 515 1283 subtus
535 1206 786 1310 appendicula
806 1207 916 1286 molli
935 1213 1147 1289 acuminata

85 1343 240 1404 auctum
261 1345 336 1418 est3
360 1330 472 1432 polpi
491 1329 722 1404 maxillares
733 1326 832 1402 mole
847 1328 1049 1433 quinquies
1061 1333 1147 1410 lon-

85 1449 213 1550 giores
242 1463 347 1540 sunt,
383 1447 537 1524 articuli
570 1471 697 1523 earum
730 1472 882 1549 quoque
907 1448 1147 1552 longitudine

84 1568 247 1646 relativa
261 1569 375 1672 paulo
389 1567 582 1644 discedere
596 1567 790 1657 videntum
807 1573 1013 1672 polporum
1024 1570 1148 1650 lobio·

86 1689 183 1770 lium
210 1687 361 1768 articuli
390 1697 514 1770 1-3
541 1687 786 1790 subaequales
824 1705 928 1782 suut,
970 1692 1147 1797 1lingua

90 1809 248 1886 dimidia
275 1807 437 1884 brevior.
479 1849 531 1866 -
570 1809 671 1884 Haec
706 1809 868 1909 species,
909 1812 1147 1902 eselatione

91 1929 269 2019 Curtisii,
297 1927 437 2031 possim
458 1927 497 2004 in
510 1929 658 2030 Anglio
671 1942 778 2030 capta
792 1943 865 2018 est,
893 1956 1020 2006 mense
1033 1933 1146 2025 Julii;

88 2048 194 2125 larva
209 2048 321 2126 unius
335 2045 521 2128 individui
537 2046 689 2152 degerat
709 2053 748 2126 in
763 2051 875 2128 lorea
886 2042 1149 2133 Acherontini

89 2169 277 2274 Atropos.

506 2392 605 2495 Pag.
635 2399 733 2472 398.

163 2531 340 2636 Alomyo
379 2510 518 2607 oootoi
556 2528 734 2632 frequens
771 2544 829 2606 est
860 2530 959 2609 cirea
991 2533 1147 2642 Netley.

89 2653 259 2730 Feminis
278 2650 396 2727 tibine
416 2648 586 2752 posticae
607 2649 714 2753 epioe
733 2673 878 2727 summo
898 2651 1027 2754 nigrae
1041 2671 1147 2747 sunt;

90 2770 287 2848 individuo
308 2769 471 2847 maximo
501 2796 630 2846 earum
648 2788 882 2871 segmentum
907 2781 925 2851 1
948 2788 1072 2850 totum
1091 2776 1148 2851 ni-

89 2917 197 2992 grum
218 2907 287 2969 est.
340 2893 479 2969 Mores
498 2888 711 2965 transmissi
733 2888 780 2964 ad
799 2892 997 2968 varietates
1012 2921 1045 2968 a.
1062 2920 1094 2969 c.
1112 2921 1146 2972 e.

89 3011 115 3086 f.
145 3037 179 3114 g.
208 3009 319 3086 etad
345 3034 480 3087 novam
507 3009 746 3098 varietatem,
781 3007 990 3088 abdomine
1014 3019 1150 3114 nigro,

89 3145 368 3236 segmentorum
391 3139 417 3210 2
444 3141 482 3206 et
509 3135 533 3206 8
558 3126 746 3207 lateribus
766 3127 885 3231 rufis,
912 3146 1095 3234 spectant.

501 3352 603 3452 Peg.
633 3357 733 3431 402.

166 3489 223 3567 Ad
248 3489 428 3568 seminam
454 3489 650 3593 Alomyoe
679 3496 851 3568 oootoris
876 3490 991 3567 etiem
1014 3491 1149 3570 referri

91 3611 203 3688 debet
228 3615 372 3691 Alom:
408 3615 532 3687 vietor
564 3609 691 3684 Curtis
710 3609 809 3712 ¹Eut.
840 3611 930 3689 Brit.
958 3611 1049 3691 fasc.
1080 3624 1148 3706 30,

91 3759 126 3810 u.
146 3739 234 3824 120,
262 3729 479 3810 differentia
502 3729 619 3819 enim,
655 3757 675 3804 a
699 3745 893 3830 segmento
918 3739 937 3811 1
958 3747 1042 3807 toto
1062 3732 1148 3810 rulo

88 3851 223 3956 petite,
256 3853 360 3955 quod
383 3851 424 3928 in
444 3851 512 3938 Al.
537 3849 774 3933 debellatore
793 3850 983 3954 petiolum
1002 3849 1152 3954 nigrum

87 3968 223 4056 habere
242 3971 397 4065 debeat,
423 3968 607 4050 momenti
626 3970 740 4051 nimis
758 3970 878 4050 laevis
892 3997 975 4053 esse
988 3969 1149 4067 videtur,
