2794 4624
625 163 899 218 tcnnssttatott

493 511 568 576 260.
612 499 641 568 1.
664 497 1053 572 ERYTHROOERUS.·

436 687 599 753 Antennis
616 687 757 776 pedibus
776 711 839 756 nec
860 709 932 755 non
951 698 1199 778 segmentorum
1210 709 1314 754 mar-

437 789 572 878 ginibus
597 787 689 857 rufis.
732 814 778 856 m.
1203 863 1207 872 .

312 996 483 1074 Statura
502 995 682 1100 gracilior
704 1011 762 1072 est
781 1023 893 1100 quarn
915 996 956 1074 in
981 1020 1084 1074 mare
1102 993 1307 1073 Ithacum.

234 1121 480 1222 pusillctoris
524 1132 563 1193 et
599 1115 639 1194 in
667 1116 843 1210 omnibus
873 1117 987 1297 hnjus
1018 1115 1189 1192 familiae
1215 1143 1310 1222 spe-

235 1239 377 1316 ciebus.
669 1291 760 1334 ,ΗΜ
775 1291 812 1332 r·

312 1355 535 1472 Longitudo
555 1363 580 1434 2
600 1349 798 1436 linearuin.
855 1363 1014 1486 Caput
996 1384 1063 1435 ore
1080 1357 1305 1446 straminea

235 1476 438 1558 Antoniae
459 1437 673 1593 fibriect'a'e,
701 1447 926 1570 informes
924 1454 1114 1616 graciles
1128 1449 1307 1554 riiniiriio

236 1625 396 1736 corpore
417 1584 632 1700 longioic3,
640 1576 1019 1701 rusofriiiatgrneae
1022 1577 1135 1703 suipra
1162 1599 1306 1674 obscu-

236 1720 368 1797 riores.
435 1717 604 1795 Thorax
628 1719 1029 1824 gibbulocylindricus.
1095 1722 1306 1800 Alaeme-

235 1840 402 1930 diocres,
447 1837 854 1942 subsumatohyalinae,
904 1840 1077 1941 stigmate
1117 1854 1154 1914 ct
1195 1837 1305 1916 radio

236 1961 373 2066 piceis,
400 1958 527 2037 radice
549 1975 588 2035 et
608 1963 803 2062 squamula
817 1959 1146 2049 flavostramineis,
1174 1961 1305 2037 areola

30 2067 33 2072 ⁵
145 2159 148 2164 ,
236 2081 469 2183 triangulari.
524 2079 652 2158 Pedes
668 2081 907 2184 subgraciles
919 2081 1009 2170 rufi,
1037 2081 1142 2156 coxis
1164 2097 1204 2158 et
1223 2097 1305 2158 tro-

236 2202 478 2301 chanteribus
498 2201 728 2291 stramineis;
755 2201 894 2306 postici
915 2201 1018 2280 coxis
1037 2202 1152 2305 paulo
1165 2204 1305 2278 obscu-

235 2323 418 2412 rioribus,
459 2319 646 2396 senrorunr
674 2336 714 2395 et
738 2321 915 2396 tibiarum
945 2322 1052 2423 apice
1080 2321 1303 2423 nigricante,

234 2439 437 2521 Abdomen
458 2441 581 2544 capite
604 2439 835 2544 thoraceque
854 2440 1004 2544 longius
1025 2457 1065 2518 et
1088 2443 1302 2544 angustiu33

236 2577 430 2663 segmento
456 2572 475 2641 1
497 2560 731 2652 laevissimo,
766 2577 873 2664 parte
901 2562 1024 2636 antica
1051 2560 1152 2636 haud
1181 2561 1301 2665 duplo

170 2719 175 2730 ·
234 2681 370 2757 latiore
391 2709 504 2785 quam
526 2682 712 2784 petiolu33
745 2689 862 2760 2-6
884 2681 1095 2784 quadratis,
1122 2681 1303 2785 margini·

233 2803 303 2878 bus
325 2800 637 2880 rufostramineis.

310 2923 457 2998 Marem
498 2923 652 3000 unicum
691 2925 881 3025 gallicum
925 2923 1167 3025 Brongniart
1205 2921 1299 2998 mihi

232 3043 451 3120 transmisit.

645 3283 883 3362 Varietas:

312 3467 345 3535 1.
376 3462 501 3536 Coxis
521 3472 558 3534 et
579 3456 891 3539 trochcnteribas
903 3462 1037 3557 nigris.
1065 3482 1115 3530 m.
1136 3455 1298 3532 -Loa-

230 3577 370 3678 gitudo
403 3577 483 3654 sere
516 3589 541 3658 3
574 3577 772 3654 linearum.
843 3583 974 3681 Caput
1005 3577 1130 3679 palpis
1169 3576 1293 3652 fuscis.

232 3700 436 3774 Antennae
455 3697 618 3774 articulo
643 3707 662 3776 1
683 3713 766 3774 toto
796 3696 922 3798 nigro,
952 3695 1204 3799 sequentibus,
1226 3695 1295 3772 ier·

230 3817 397 3918 ragineis
426 3843 539 3921 supra
560 3817 695 3908 fuscis,
732 3816 877 3895 ultiniis
898 3817 991 3894 totis
1012 3816 1141 3892 fuscis.
1195 3819 1294 3894 Alce

231 3937 330 4014 sicut
345 3938 385 4014 in
399 3965 501 4016 mare
515 3939 692 4041 genuino.
746 3937 870 4018 Pedes
885 3937 1164 4028 testaceosulvi,
1184 3939 1291 4013 coxis
