2764 4614
183 196 260 268 220
574 213 848 268 rovnneunon
875 226 880 238 ·

262 377 485 480 longitudo
505 383 627 459 moris
643 387 758 460 74⁶7
767 379 822 482 Ἄ,
840 381 1024 486 semiana·
1039 381 1249 464 oz-tsrer

184 495 383 578 linearum.
438 505 568 604 Caput
590 508 711 578 moris
730 525 795 578 ore
809 515 849 577 et
861 501 960 578 faeie
972 500 1086 590 albis,
1113 501 1249 587 orbitis

182 622 382 698 oculorum
407 623 571 698 externis
603 621 839 724 ferrugineis.
899 607 1104 700 Animae
1130 627 1251 700 moris

182 741 345 818 articulo
360 740 484 844 primo
500 744 630 822 subtus
645 743 871 846 plerumque
881 743 980 834 albo,
994 741 1113 817 rarius
1127 740 1251 816 ferru-

183 862 314 964 gineos
337 864 515 965 feminae
533 863 706 938 articulis
725 871 866 942 9-18
886 862 948 939 vel
966 862 1158 949 omnibns,
1184 861 1249 940 rel

184 983 357 1085 plurimis
372 1007 514 1073 eorum,
529 965 623 1058 albis
641 984 772 1058 subtus
787 981 916 1059 fuscis.
945 982 1116 1060 Thorax
1129 988 1250 1058 moris

182 1117 326 1204 puncto
346 1102 442 1178 infra
462 1103 556 1192 alas,
592 1104 790 1205 alteroque
809 1091 896 1179 ante
911 1104 1006 1192 alas,
1034 1100 1108 1178 hoc
1131 1103 1248 1180 inter-

181 1221 275 1296 dum
291 1221 483 1314 obsoleto,
511 1224 701 1299 interdum
719 1224 834 1300 etiam
850 1225 1002 1326 punotis
1015 1223 1162 1300 duobus
1176 1223 1248 1298 mi-

180 1343 287 1420 nutis
318 1343 415 1419 inira
456 1345 677 1432 scutellum,
711 1343 826 1433 albis,
850 1347 1028 1451 seminar
1057 1345 1248 1422 interdurn

179 1479 324 1566 puncto
338 1466 427 1539 albo
442 1465 616 1541 obsoleto
629 1481 717 1542 aute
738 1466 828 1541 alas.
880 1465 1097 1544 Sentettam
1118 1464 1247 1541 album

181 1599 247 1660 aut
266 1585 481 1675 eborinum,
508 1587 600 1661 mari
619 1585 811 1662 interdum
830 1585 909 1660 basi
930 1585 1090 1686 nigrum.
1144 1589 1249 1667 Ata·

182 1703 524 1808 furnatobyalinae3
566 1707 740 1806 stigmate
769 1705 856 1782 rufo
892 1719 957 1782 aut
981 1705 1107 1796 fusco,
1139 1705 1263 1812 radio

180 1825 310 1915 tusco,
335 1825 463 1901 radice
481 1825 563 1903 rufa
585 1844 650 1903 eut
666 1826 790 1916 fusca3
815 1826 1014 1928 squamula
1032 1825 1247 1928 ferruginea

181 1963 248 2021 aut
272 1947 376 2022 fusca
412 1963 480 2022 aut
503 1948 628 2050 nigra,
668 1949 895 2052 plerumque
923 1963 1067 2049 puncto
1089 1948 1179 2023 albo
1205 1945 1247 2023 in

182 2088 304 2156 mare,
337 2069 463 2144 areola
489 2069 841 2172 quinqueangulsri.
896 2069 1019 2146 Pedes
1044 2075 1164 2146 moris
1184 2067 1246 2142 in·

179 2189 330 2264 ternum
351 2187 458 2264 coxis
478 2205 518 2266 et
542 2189 864 2281 troehanteribus‚
898 2191 962 2268 vel
983 2189 1158 2265 omnibus
1182 2189 1246 2264 vel

179 2309 448 2400 anterioribus,
476 2311 607 2386 subtus
621 2309 768 2385 macula
783 2311 885 2399 alba3
910 2309 1117 2388 femoribus
1139 2323 1247 2386 ante·
1366 2323 1373 2342 '

179 2431 345 2506 rioribus
365 2428 463 2506 intra
482 2431 711 2519 stramineis3
743 2429 850 2506 tibiis
871 2430 985 2520 albis,
1020 2429 1155 2507 suricis
1178 2457 1245 2507 ex-

181 2565 290 2628 terne
311 2549 458 2653 apicem
477 2577 604 2628 versus
624 2551 757 2642 fuscis,
789 2551 924 2628 mediis
944 2551 1053 2654 apice
1073 2553 1136 2628 vel
1159 2565 1245 2627 toto

180 2671 244 2747 vel
261 2685 408 2744 tantum
427 2683 582 2748 externe
601 2669 710 2747 {usco
731 2687 796 2748 aut
814 2672 937 2776 nigro,
963 2671 1122 2776 posticis
1134 2670 1245 2775 apice

177 2805 220 2866 et
240 2813 382 2866 summa
405 2788 484 2866 basi
500 2791 635 2894 nigriss
660 2792 771 2869 tarsis
785 2793 899 2883 albis,
927 2793 1086 2899 posticis
1104 2792 1243 2882 fustist

167 2911 346 3012 seminar
378 2910 586 2990 femoribus
620 2913 754 2990 antitis
783 2915 914 2990 subtus
939 2916 1001 2992 vel
1029 2914 1138 3004 totis,
1179 2914 1242 2991 vel

179 3028 287 3132 apice
302 3031 396 3123 solo,
423 3032 647 3135 ferrugineis
662 3049 727 3112 aut
739 3033 1110 3136 ferrugineoalbidis5
1136 3033 1242 3110 tibiis
1379 3057 1380 3095 t

178 3149 313 3225 enticis
341 3148 456 3242 albis,
491 3171 645 3231 externe
674 3155 783 3257 apice
809 3155 934 3256 nigro,
966 3155 1242 3258 posterioribus

180 3269 297 3370 nigris
325 3274 466 3349 annulo
493 3274 581 3351 albo
602 3275 685 3350 lato
712 3291 800 3352 ante
817 3276 942 3364 basin,
974 3277 1083 3352 tarsis
1105 3276 1241 3350 enticis

176 3387 293 3466 fuscis
319 3407 385 3497 aut
404 3391 646 3496 ferrugineis,
678 3395 809 3470 subtus
828 3389 1106 3497 pallidioribus.
1158 3394 1242 3474 Ab·
1378 3457 1379 3503 ,

175 3507 310 3587 domen
330 3512 892 3606 interdumsubcoerulescens,
922 3515 1042 3592 rarius
1069 3539 1240 3617 segmen·
1377 3516 1378 3537 ¹

173 3645 299 3708 torum
321 3633 551 3734 marginibus
579 3635 732 3712 summis
762 3638 962 3727 castaneis3
998 3653 1189 3739 segmento
1212 3648 1239 3717 2

171 3747 252 3824 basi
277 3751 491 3830 distinctius
507 3771 571 3832 rut
586 3754 795 3832 obsoletius
810 3757 1078 3835 subaciculato.
1132 3761 1240 3838 Acu-

173 3872 254 3950 teus
272 3869 515 3953 absconditus
535 3892 602 3955 aut
618 3877 871 3956 subessertus.
