2788 4624
219 221 295 304 890
618 239 888 295 ronnnnmon

292 407 486 510 Quaedam
503 405 697 484 individua
711 405 796 511 cepi
811 403 1182 512 propeGottingam,
1194 407 1289 486 loeo

221 531 352 634 aprico
371 527 585 631 graminoso
605 527 824 618 volitantes,
852 529 1044 606 mensibus
1058 533 1225 631 Augusto
1245 544 1290 606 et

220 648 454 753 ‚Septembri3
482 647 676 738 nonnulla,
698 648 878 752 Trnjceti
893 649 947 728 ud
960 652 1159 739 Moenum,
1185 648 1288 726 eirca

220 771 367 874 Netley
392 783 432 846 et
460 766 500 843 in
523 766 659 846 Gallia
685 783 815 870 capta,
843 767 893 847 de
913 769 1083 877 Heyden
1107 769 1220 875 Hope
1246 785 1309 884 et·

223 889 462 992 Brongniart
485 887 787 966 transmiserunt.
1002 901 1004 908 ’

618 1193 898 1298 synonyma:

222 1365 330 1446 chn.
345 1369 556 1445 occisorins
568 1363 678 1441 Fabr.
694 1365 780 1441 Ent.
796 1389 833 1468 p.
853 1372 937 1457 tta,
966 1393 1000 1443 ιι.
1017 1375 1078 1448 57.
1104 1387 1158 1428 -·-
1181 1363 1284 1446 Pies.

425 1511 463 1589 p.
482 1491 548 1596 61,
576 1511 612 1560 ιι.
631 1491 699 1576 34·,
726 1485 872 1600 habitat
890 1487 1007 1565 Halae
1027 1489 1227 1566 Saxonum.

274 1663 298 1700 „
353 1603 545 1682 Gravenb.
561 1603 684 1683 Addit.
704 1634 739 1681 n.
755 1615 793 1686 2.
865 1623 869 1634 '

272 1781 296 1817 ‚‚
349 1726 529 1828 Trentep.
547 1725 587 1800 in
603 1724 704 1801 Iside
723 1735 838 1816 1826,
866 1753 902 1832 p.
917 1735 1011 1818 222,
1039 1753 1075 1803 ιι.
1093 1735 1155 1808 89.

221 1844 331 1928 leda
354 1853 658 1949 marginatorius
675 1847 818 1925 Panaca·
830 1845 948 1924 Faun.
963 1846 1054 1930 deso.
1071 1856 1140 1939 73,
1167 1866 1204 1924 ιι.
1224 1850 1284 1927 14.

475 2155 612 2233 Nota:

299 2325 384 2402 Huc
405 2341 531 2404 autem
557 2325 661 2404 baud
689 2339 836 2431 spectat
852 2325 960 2406 lehn.
982 2329 1289 2426 morginotorins

222 2441 353 2536 Faba,
386 2447 560 2524 antennis
587 2446 688 2524 enim
712 2448 852 2551 gaudet
877 2448 1009 2524 subtus
1037 2445 1160 2538 flavis,
1193 2445 1288 2548 stig-

221 2581 325 2642 mate
340 2567 482 2642 alarum
496 2567 613 2670 nigro,
630 2582 701 2644 etc.
720 2569 926 2672 potiusque
937 2568 984 2645 ad
998 2584 1167 2644 nostrum
1181 2571 1287 2670 Try-

221 2685 385 2790 phonem
401 2694 722 2788 marginatorinm
739 2689 965 2792 redigendus
978 2703 1047 2766 est.
1080 2689 1159 2766 Nec
1172 2687 1283 2766 chn.

219 2814 530 2908 ‚murginntortns
549 2809 671 2884 Rossii
699 2824 739 2885 et
766 2809 928 2888 Olivieri
956 2810 1087 2886 eadem
1113 2822 1172 2886 est
1196 2833 1286 2912 spe·

222 2925 320 3010 cies;
349 2955 433 3003 nam
459 2928 659 3006 abdomine
682 2929 874 3006 subsessili
896 2945 968 3007 eto.
992 2927 1122 3006 differt
1141 2944 1195 3021 et,
1222 2953 1286 3006 se·

220 3048 386 3124 cundum
412 3049 604 3141 Rossium,
636 3051 889 3130 Ichnenmoni
915 3055 1142 3131 litteratorio
1170 3049 1283 3126 Lina.

221 3166 344 3243 affinis
365 3183 434 3245 est.
1172 3172 1176 3183 '

296 3290 550 3382 Haesitabam,
578 3290 687 3368 John.
714 3296 942 3370 occisorium
969 3290 1080 3368 Fabr.
1111 3289 1157 3369 ad
1183 3287 1285 3366 banc

220 3410 385 3510 speciem
419 3410 615 3502 adbibere,
650 3427 915 3502 summotos,
949 3411 989 3489 in
1014 3409 1282 3514 descriptione,

220 3529 404 3607 semorum
443 3531 635 3634 nigrorum
676 3530 820 3608 nnllam
858 3530 994 3608 fecerit
1031 3532 1283 3620 mentionem

218 3647 384 3727 Germur
398 3665 522 3728 autem
538 3653 637 3730 idem
658 3650 912 3742 individuum,
941 3653 1004 3730 cui
1023 3651 1219 3728 Fabricius
1240 3651 1282 3728 in

216 3794 350 3846 museo
369 3771 537 3850 Httbneri
567 3797 706 3850 nomen
723 3779 903 3851 occborii
921 3772 1004 3875 ipse
1026 3770 1280 3875 inscripserat,

215 3913 365 3966 mecum
391 3892 701 3983 communicavit,
735 3891 884 3997 quode
909 3893 1109 3972 identitate
1136 3890 1283 3998 speciei¹

215 4011 356 4087 certior
376 4012 496 4088 sactus
518 4039 612 4089 sum.
