2728 4618
219 209 273 282 92
499 225 548 274 ιι.
577 221 743 276 rantra
770 221 1004 276 annuatur.

220 387 552 478 rubbi'artioulata,
576 399 739 490 auperno
753 387 1082 491 longitudinaliter
1096 389 1291 465 nuatione

220 513 308 600 lata,
324 508 433 610 eujus
448 508 546 609 apici
560 507 708 584 terebra
720 507 859 584 inserta
873 525 942 585 eat.
975 512 1078 586 Haeo
1097 509 1291 613 appendix

222 647 349 708 autem
361 655 532 734 perraro,
559 632 802 729 atnunquam
817 628 857 703 in
872 644 970 706 statu
987 630 1117 733 quieto
1137 631 1288 720 insecti,

222 756 265 831 in
297 763 504 853 conspectu
531 763 605 838 est,
646 774 732 824 cum
758 775 922 852 semper,
963 775 1039 825 non
1066 751 1189 827 solum
1215 751 1289 826 rub
1362 745 1363 794 3

223 871 562 958 venenatum,
581 869 1189 974 ¹aedtinrinuunlongitndinalum
1203 895 1291 974 aeg·
1362 973 1363 978 Ἰ

221 1007 438 1072 mentorum
469 989 702 1075 uitimrum«
720 1007 874 1096 recepta
905 992 1037 1096 ibique
1068 993 1292 1068 abaoondita
1362 983 1363 1006 ³

222 1141 304 1192 ease
325 1114 472 1190 soleat·
510 1113 674 1188 Terebra
696 1138 806 1205 reru,
841 1111 923 1214 ejus
943 1113 1045 1216 apici
1065 1112 1192 1203 affixa,
1218 1111 1291 1215 qui
1362 1175 1363 1178 κ

222 1261 323 1314 nuno
341 1235 419 1312 aub=
430 1233 701 1311 mediorentre
721 1231 816 1308 aitua
832 1239 905 1323 eat,
933 1232 1069 1308 iterum
1085 1231 1292 1336 reponitur

98 1428 103 1438 ,
223 1355 543 1461 atquninnimam·
552 1353 761 1430 neutralem
770 1352 995 1429 ultimorum
1009 1367 1292 1456 augmentorum

222 1493 265 1555 et
281 1478 322 1552 in
335 1472 821 1576 canaliculumappendiuia
835 1473 1041 1564 dorsalam,
1060 1474 1135 1549 situ
1154 1472 1290 1575 quieto

225 1594 664 1700 appendiciorotroden'i
691 1593 887 1672 intrantia
909 1593 1088 1672 deorsum
1115 1607 1292 1696 spectan-

223 1731 318 1807 tem,
348 1714 546 1817 reeipitur.
589 1715 924 1794 ssissueroteoebra
945 1713 1020 1790 hoo
1042 1713 1117 1793 situ
1135 1713 1289 1816 longius

223 1862 265 1914 ae
289 1835 481 1938 porrigere
501 1835 690 1912 violenter
702 1834 854 1925 nititur,
878 1835 1069 1940 appendix
1081 1861 1167 1910 oum
1180 1849 1291 1936 parte

222 1956 384 2034 ventrali
401 1973 676 2059 segmentorum
691 1956 911 2034 ultimorum
931 1959 983 2032 ita
1004 1956 1289 2059 protruduntur,

228 2092 272 2154 ut
304 2075 379 2154 situ
405 2077 577 2166 verticuli
612 2105 653 2156 ae
684 2075 903 2168 exhibeant,
931 2077 1061 2154 eadem
1099 2089 1291 2178 segmenta
1362 2167 1363 2172 Ἰ

225 2212 351 2274 autem
366 2222 528 2301 superne
543 2227 658 2274 unum
674 2199 713 2273 in
728 2198 889 2274 alterum
905 2197 1167 2301 reprimantur,
1188 2196 1291 2274 unde
1362 2215 1363 2218 ’

223 2343 320 2421 apex
339 2307 548 2395 abdominis
560 2319 643 2422 ipse
664 2319 772 2395 valde
786 2319 1028 2408 incrassatus,
1055 2341 1291 2419 compresso-

222 2453 437 2528 trunoatus,
470 2437 619 2540 pontice
644 2440 915 2519 canaliculatua
942 2438 1058 2542 (quia
1079 2437 1174 2513 rima
1197 2463 1291 2512 ven-

223 2556 332 2636 tralis
353 2583 498 2634 sursum
520 2573 622 2634 mota
642 2561 743 2661 est),
772 2561 919 2638 inferne
946 2558 1038 2660 (ubi
1060 2583 1156 2662 apex
1173 2556 1290 2633 abdo-

223 2678 337 2756 minis
363 2678 579 2782 prominet)
612 2681 892 2771 tuberculatus,
925 2680 1096 2783 adparet,
1132 2678 1291 2780 vaginae

224 2799 349 2877 aculei
376 2813 503 2876 autem
528 2801 732 2903 marginem
761 2805 939 2905 nuperum
959 2799 1077 2904 partin
1094 2813 1291 2877 truncatae

225 2934 431 3024 occupant,
464 2921 613 2999 terebra
642 2922 724 3025 ipsa
753 2949 842 3002 vero
869 2951 891 3000 e
916 2921 1083 3023 margine
1110 2919 1291 2998 interiore

224 3037 341 3141 hujus
356 3040 473 3142 partis
487 3042 688 3146 provenire
703 3043 864 3120 videtur.
904 3043 1005 3120 Haeo
1019 3040 1144 3120 omnia
1160 3039 1293 3118 multi-

222 3159 317 3238 faria
331 3161 470 3237 variata
486 3162 682 3265 conspicio
697 3163 736 3240 in
751 3165 860 3267 copia
876 3162 1156 3239 individuorum
1167 3159 1292 3264 Rhys-

223 3307 348 3358 aarum
373 3283 598 3362 Porizonum
631 3299 703 3362 etc.
738 3285 875 3386 quibua
903 3282 1094 3386 appendix
1120 3281 1209 3371 ista,
1248 3280 1292 3355 in
1362 3343 1363 3348 ,

222 3402 355 3480 mortis
379 3429 498 3506 agone
515 3403 704 3482 violenter
721 3421 915 3508 protruaa,
950 3416 1038 3506 post
1061 3415 1220 3477 mortem
1249 3400 1291 3475 in

223 3519 298 3600 hoc
310 3523 387 3600 situ
399 3525 546 3601 mansit.
577 3525 690 3602 Secus
706 3541 831 3602 autern
847 3542 904 3608 est
914 3525 1124 3627 adspectus,
1140 3521 1293 3624 quando

222 3645 412 3747 appendix
440 3660 521 3721 tota
550 3673 636 3721 eum
663 3646 863 3723 abdomine
893 3645 978 3746 ipso
1009 3643 1049 3718 in
1070 3668 1181 3718 unam
1202 3667 1293 3717 ean-

220 3765 383 3868 demque
400 3765 649 3843 direotionem
663 3765 978 3869 longitudinalem
992 3779 1031 3840 et
1053 3763 1167 3840 situm
1185 3759 1294 3836 hori-

220 3886 411 3964 rontalem
426 3902 689 3990 pertentarent,
718 3887 831 3990 quale
850 3884 944 3988 quid
962 3885 1003 3959 in
1023 3882 1171 3958 duobus
1192 3881 1294 3958 indi-

220 4005 345 4085 viduis
359 4006 554 4086 Porizonia
567 4003 1082 4112 clavirentrisetgravipedia
1097 4017 1185 4080 ante
1198 4027 1295 4080 oeu-
1362 4031 1363 4034 ¹
